[{"peak":"","transactionList":[]},{"peak":"3.52345727|240,-5.70463129|1080,3.37904989|930,-5.02827141|990,3.23101777|540,-4.26269631|1740,5.95553743|2640,-10.32066256|4620,3.27033340|1290,-6.48127874|2370,5.56163784|4620,-5.19310495|3120,5.86951778|5205,-4.20962199|579","transactionList":[{},{},{},{},{},{},{},{},{},{},{},{},{},{}]},{"peak":"-9.29705215|5940,9.29705215|4620,-7.58928571|600,10.04464286|3720,-7.17391304|1140,13.69565217|4560,-5.65656566|3210,5.85858586|2370,-5.43259557|567,10.06036217|210,-3.79506641|321,5.69259962|651,-6.90978887|1162,5.56621881|387,10.36468330|746,-6.28465804|429","transactionList":[{},{},{},{},{},{},{},{},{},{},{},{},{},{},[{"m":false,"E":1593030420184,"l":6551311,"M":true,"q":"10763.00000000","s":"BTSBTC","a":5416959,"T":1593030420183,"e":"aggTrade","p":"0.00000287","f":6551309},{"m":false,"E":1593030448361,"l":6551313,"M":true,"q":"4263.00000000","s":"BTSBTC","a":5416960,"T":1593030448360,"e":"aggTrade","p":"0.00000287","f":6551312},{"m":false,"E":1593030448385,"l":6551314,"M":true,"q":"4263.00000000","s":"BTSBTC","a":5416961,"T":1593030448384,"e":"aggTrade","p":"0.00000287","f":6551314},{"m":false,"E":1593030448420,"l":6551315,"M":true,"q":"414.00000000","s":"BTSBTC","a":5416962,"T":1593030448418,"e":"aggTrade","p":"0.00000287","f":6551315},{"m":false,"E":1593030455031,"l":6551316,"M":true,"q":"174.00000000","s":"BTSBTC","a":5416963,"T":1593030455030,"e":"aggTrade","p":"0.00000288","f":6551316},{"m":false,"E":1593030463070,"l":6551317,"M":true,"q":"243.00000000","s":"BTSBTC","a":5416964,"T":1593030463068,"e":"aggTrade","p":"0.00000287","f":6551317},{"m":true,"E":1593030463070,"l":6551318,"M":true,"q":"613.00000000","s":"BTSBTC","a":5416965,"T":1593030463068,"e":"aggTrade","p":"0.00000287","f":6551318},{"m":true,"E":1593030463070,"l":6551319,"M":true,"q":"428.00000000","s":"BTSBTC","a":5416966,"T":1593030463068,"e":"aggTrade","p":"0.00000287","f":6551319},{"m":true,"E":1593030470557,"l":6551320,"M":true,"q":"303.00000000","s":"BTSBTC","a":5416967,"T":1593030470556,"e":"aggTrade","p":"0.00000287","f":6551320},{"m":true,"E":1593030471315,"l":6551321,"M":true,"q":"805.00000000","s":"BTSBTC","a":5416968,"T":1593030471314,"e":"aggTrade","p":"0.00000287","f":6551321},{"m":true,"E":1593030473706,"l":6551322,"M":true,"q":"1085.00000000","s":"BTSBTC","a":5416969,"T":1593030473705,"e":"aggTrade","p":"0.00000287","f":6551322},{"m":true,"E":1593030474751,"l":6551323,"M":true,"q":"595.00000000","s":"BTSBTC","a":5416970,"T":1593030474750,"e":"aggTrade","p":"0.00000287","f":6551323},{"m":true,"E":1593030474940,"l":6551324,"M":true,"q":"1303.00000000","s":"BTSBTC","a":5416971,"T":1593030474939,"e":"aggTrade","p":"0.00000287","f":6551324},{"m":true,"E":1593030475654,"l":6551325,"M":true,"q":"6319.00000000","s":"BTSBTC","a":5416972,"T":1593030475653,"e":"aggTrade","p":"0.00000287","f":6551325},{"m":true,"E":1593030475905,"l":6551327,"M":true,"q":"630.00000000","s":"BTSBTC","a":5416973,"T":1593030475904,"e":"aggTrade","p":"0.00000287","f":6551326},{"m":true,"E":1593030476998,"l":6551328,"M":true,"q":"648.00000000","s":"BTSBTC","a":5416974,"T":1593030476997,"e":"aggTrade","p":"0.00000287","f":6551328},{"m":true,"E":1593030480185,"l":6551329,"M":true,"q":"2177.00000000","s":"BTSBTC","a":5416975,"T":1593030480184,"e":"aggTrade","p":"0.00000287","f":6551329},{"m":true,"E":1593030489822,"l":6551330,"M":true,"q":"735.00000000","s":"BTSBTC","a":5416976,"T":1593030489821,"e":"aggTrade","p":"0.00000287","f":6551330},{"m":true,"E":1593030491036,"l":6551331,"M":true,"q":"770.00000000","s":"BTSBTC","a":5416977,"T":1593030491035,"e":"aggTrade","p":"0.00000287","f":6551331},{"m":true,"E":1593030492817,"l":6551332,"M":true,"q":"805.00000000","s":"BTSBTC","a":5416978,"T":1593030492816,"e":"aggTrade","p":"0.00000287","f":6551332},{"m":true,"E":1593030493404,"l":6551333,"M":true,"q":"185.00000000","s":"BTSBTC","a":5416979,"T":1593030493403,"e":"aggTrade","p":"0.00000287","f":6551333},{"m":true,"E":1593030495049,"l":6551334,"M":true,"q":"560.00000000","s":"BTSBTC","a":5416980,"T":1593030495048,"e":"aggTrade","p":"0.00000287","f":6551334},{"m":true,"E":1593030496816,"l":6551335,"M":true,"q":"595.00000000","s":"BTSBTC","a":5416981,"T":1593030496815,"e":"aggTrade","p":"0.00000287","f":6551335},{"m":false,"E":1593030497640,"l":6551336,"M":true,"q":"1053.00000000","s":"BTSBTC","a":5416982,"T":1593030497638,"e":"aggTrade","p":"0.00000288","f":6551336},{"m":true,"E":1593030497841,"l":6551337,"M":true,"q":"630.00000000","s":"BTSBTC","a":5416983,"T":1593030497840,"e":"aggTrade","p":"0.00000287","f":6551337},{"m":false,"E":1593030497962,"l":6551338,"M":true,"q":"424.00000000","s":"BTSBTC","a":5416984,"T":1593030497961,"e":"aggTrade","p":"0.00000288","f":6551338},{"m":true,"E":1593030498811,"l":6551339,"M":true,"q":"665.00000000","s":"BTSBTC","a":5416985,"T":1593030498810,"e":"aggTrade","p":"0.00000287","f":6551339},{"m":true,"E":1593030499809,"l":6551340,"M":true,"q":"1925.00000000","s":"BTSBTC","a":5416986,"T":1593030499807,"e":"aggTrade","p":"0.00000287","f":6551340},{"m":false,"E":1593030500340,"l":6551344,"M":true,"q":"3839.00000000","s":"BTSBTC","a":5416987,"T":1593030500338,"e":"aggTrade","p":"0.00000288","f":6551341},{"m":true,"E":1593030500810,"l":6551345,"M":true,"q":"735.00000000","s":"BTSBTC","a":5416988,"T":1593030500809,"e":"aggTrade","p":"0.00000287","f":6551345},{"m":false,"E":1593030501451,"l":6551346,"M":true,"q":"889.00000000","s":"BTSBTC","a":5416989,"T":1593030501450,"e":"aggTrade","p":"0.00000288","f":6551346},{"m":true,"E":1593030504804,"l":6551347,"M":true,"q":"525.00000000","s":"BTSBTC","a":5416990,"T":1593030504803,"e":"aggTrade","p":"0.00000287","f":6551347},{"m":true,"E":1593030505317,"l":6551348,"M":true,"q":"1575.00000000","s":"BTSBTC","a":5416991,"T":1593030505315,"e":"aggTrade","p":"0.00000287","f":6551348},{"m":false,"E":1593030506008,"l":6551355,"M":true,"q":"12900.00000000","s":"BTSBTC","a":5416992,"T":1593030506005,"e":"aggTrade","p":"0.00000288","f":6551349},{"m":true,"E":1593030518101,"l":6551356,"M":true,"q":"4672.00000000","s":"BTSBTC","a":5416993,"T":1593030518100,"e":"aggTrade","p":"0.00000287","f":6551356}],[{"m":false,"E":1593056197503,"l":6552822,"M":true,"q":"194.00000000","s":"BTSBTC","a":5417858,"T":1593056197453,"e":"aggTrade","p":"0.00000273","f":6552822},{"m":true,"E":1593056198283,"l":6552823,"M":true,"q":"361.00000000","s":"BTSBTC","a":5417859,"T":1593056198225,"e":"aggTrade","p":"0.00000272","f":6552823},{"m":true,"E":1593056198283,"l":6552824,"M":true,"q":"366.00000000","s":"BTSBTC","a":5417860,"T":1593056198225,"e":"aggTrade","p":"0.00000271","f":6552824},{"m":true,"E":1593056199933,"l":6552825,"M":true,"q":"186.00000000","s":"BTSBTC","a":5417861,"T":1593056199931,"e":"aggTrade","p":"0.00000271","f":6552825},{"m":true,"E":1593056252830,"l":6552827,"M":true,"q":"345.00000000","s":"BTSBTC","a":5417862,"T":1593056252828,"e":"aggTrade","p":"0.00000271","f":6552826},{"m":false,"E":1593056253079,"l":6552828,"M":true,"q":"735.00000000","s":"BTSBTC","a":5417863,"T":1593056253077,"e":"aggTrade","p":"0.00000271","f":6552828},{"m":false,"E":1593056253151,"l":6552829,"M":true,"q":"774.00000000","s":"BTSBTC","a":5417864,"T":1593056253150,"e":"aggTrade","p":"0.00000271","f":6552829},{"m":false,"E":1593056254068,"l":6552830,"M":true,"q":"48.00000000","s":"BTSBTC","a":5417865,"T":1593056254067,"e":"aggTrade","p":"0.00000271","f":6552830},{"m":true,"E":1593056254342,"l":6552831,"M":true,"q":"2968.00000000","s":"BTSBTC","a":5417866,"T":1593056254341,"e":"aggTrade","p":"0.00000270","f":6552831},{"m":false,"E":1593056254405,"l":6552832,"M":true,"q":"811.00000000","s":"BTSBTC","a":5417867,"T":1593056254401,"e":"aggTrade","p":"0.00000271","f":6552832},{"m":false,"E":1593056254758,"l":6552833,"M":true,"q":"501.00000000","s":"BTSBTC","a":5417868,"T":1593056254756,"e":"aggTrade","p":"0.00000271","f":6552833},{"m":false,"E":1593056255612,"l":6552834,"M":true,"q":"516.00000000","s":"BTSBTC","a":5417869,"T":1593056255610,"e":"aggTrade","p":"0.00000271","f":6552834},{"m":false,"E":1593056255901,"l":6552835,"M":true,"q":"501.00000000","s":"BTSBTC","a":5417870,"T":1593056255897,"e":"aggTrade","p":"0.00000271","f":6552835},{"m":false,"E":1593056256808,"l":6552836,"M":true,"q":"553.00000000","s":"BTSBTC","a":5417871,"T":1593056256807,"e":"aggTrade","p":"0.00000271","f":6552836},{"m":false,"E":1593056257738,"l":6552837,"M":true,"q":"2554.00000000","s":"BTSBTC","a":5417872,"T":1593056257736,"e":"aggTrade","p":"0.00000271","f":6552837},{"m":false,"E":1593056258272,"l":6552838,"M":true,"q":"2554.00000000","s":"BTSBTC","a":5417873,"T":1593056258270,"e":"aggTrade","p":"0.00000271","f":6552838},{"m":false,"E":1593056268443,"l":6552839,"M":true,"q":"188.00000000","s":"BTSBTC","a":5417874,"T":1593056268442,"e":"aggTrade","p":"0.00000273","f":6552839},{"m":true,"E":1593056268531,"l":6552840,"M":true,"q":"25264.00000000","s":"BTSBTC","a":5417875,"T":1593056268530,"e":"aggTrade","p":"0.00000270","f":6552840},{"m":false,"E":1593056272555,"l":6552841,"M":true,"q":"252.00000000","s":"BTSBTC","a":5417876,"T":1593056272554,"e":"aggTrade","p":"0.00000273","f":6552841},{"m":true,"E":1593056294518,"l":6552842,"M":true,"q":"1050.00000000","s":"BTSBTC","a":5417877,"T":1593056294488,"e":"aggTrade","p":"0.00000271","f":6552842},{"m":false,"E":1593056298346,"l":6552843,"M":true,"q":"466.00000000","s":"BTSBTC","a":5417878,"T":1593056298345,"e":"aggTrade","p":"0.00000273","f":6552843}]]},{"peak":"6.01626016|3810,-4.07023144|1920,7.66161213|810,-4.61419155|720,16.55680496|2340,-4.48383733|180,16.37122002|1020,-6.15091947|330,12.07989854|630,-6.25187857|870,5.44033664|1290,-6.30303030|420,7.63636364|90,-5.84028605|420,5.09535161|360,-14.43867618|1080,8.40363400|1320,-7.35861183|1230,8.00128535|720,-10.12450852|2310,10.74705111|1080,-6.82680152|1080,3.41340076|120,-6.61453242|1800,6.41902900|360,-19.72140762|1206,3.29912023|162,-3.26126786|516,4.06742396|537,-5.10732791|1073,-10.80764729|1760,9.52009364|418","transactionList":[{},{},{},{},{},{},{},{},{},{},{},{},{},{},{},{},{},{},{},{},{},{},{},{},{},{},{},{},{},{},[{"m":true,"E":1593056492026,"l":4352690,"M":true,"q":"10.00000000","s":"NAVBTC","a":3068675,"T":1593056492024,"e":"aggTrade","p":"0.00001288","f":4352690},{"m":true,"E":1593056492026,"l":4352691,"M":true,"q":"608.00000000","s":"NAVBTC","a":3068676,"T":1593056492024,"e":"aggTrade","p":"0.00001287","f":4352691},{"m":true,"E":1593056492026,"l":4352692,"M":true,"q":"284.00000000","s":"NAVBTC","a":3068677,"T":1593056492024,"e":"aggTrade","p":"0.00001285","f":4352692},{"m":true,"E":1593056492026,"l":4352694,"M":true,"q":"63.00000000","s":"NAVBTC","a":3068678,"T":1593056492024,"e":"aggTrade","p":"0.00001283","f":4352693},{"m":true,"E":1593056492026,"l":4352696,"M":true,"q":"479.00000000","s":"NAVBTC","a":3068679,"T":1593056492024,"e":"aggTrade","p":"0.00001281","f":4352695},{"m":false,"E":1593056508512,"l":4352697,"M":true,"q":"41.00000000","s":"NAVBTC","a":3068680,"T":1593056508510,"e":"aggTrade","p":"0.00001282","f":4352697},{"m":false,"E":1593056508630,"l":4352699,"M":true,"q":"127.00000000","s":"NAVBTC","a":3068681,"T":1593056508627,"e":"aggTrade","p":"0.00001282","f":4352698},{"m":false,"E":1593056528476,"l":4352700,"M":true,"q":"8.00000000","s":"NAVBTC","a":3068682,"T":1593056528475,"e":"aggTrade","p":"0.00001282","f":4352700},{"m":false,"E":1593056547516,"l":4352701,"M":true,"q":"20.00000000","s":"NAVBTC","a":3068683,"T":1593056547512,"e":"aggTrade","p":"0.00001282","f":4352701},{"m":false,"E":1593056547516,"l":4352702,"M":true,"q":"58.00000000","s":"NAVBTC","a":3068684,"T":1593056547512,"e":"aggTrade","p":"0.00001285","f":4352702}],[{"m":false,"E":1593081556518,"l":4354102,"M":true,"q":"4244.00000000","s":"NAVBTC","a":3069482,"T":1593081556517,"e":"aggTrade","p":"0.00001390","f":4354100},{"m":false,"E":1593081560723,"l":4354104,"M":true,"q":"223.00000000","s":"NAVBTC","a":3069483,"T":1593081560721,"e":"aggTrade","p":"0.00001391","f":4354103},{"m":false,"E":1593081560723,"l":4354106,"M":true,"q":"135.00000000","s":"NAVBTC","a":3069484,"T":1593081560721,"e":"aggTrade","p":"0.00001392","f":4354105},{"m":false,"E":1593081564132,"l":4354109,"M":true,"q":"46.00000000","s":"NAVBTC","a":3069485,"T":1593081564129,"e":"aggTrade","p":"0.00001392","f":4354107},{"m":false,"E":1593081564132,"l":4354111,"M":true,"q":"111.00000000","s":"NAVBTC","a":3069486,"T":1593081564129,"e":"aggTrade","p":"0.00001393","f":4354110},{"m":true,"E":1593081564132,"l":4354112,"M":true,"q":"517.00000000","s":"NAVBTC","a":3069487,"T":1593081564130,"e":"aggTrade","p":"0.00001391","f":4354112},{"m":true,"E":1593081564786,"l":4354113,"M":true,"q":"87.00000000","s":"NAVBTC","a":3069488,"T":1593081564785,"e":"aggTrade","p":"0.00001391","f":4354113},{"m":true,"E":1593081569016,"l":4354114,"M":true,"q":"86.00000000","s":"NAVBTC","a":3069489,"T":1593081569015,"e":"aggTrade","p":"0.00001388","f":4354114},{"m":false,"E":1593081574244,"l":4354115,"M":true,"q":"70.00000000","s":"NAVBTC","a":3069490,"T":1593081574240,"e":"aggTrade","p":"0.00001393","f":4354115},{"m":false,"E":1593081574244,"l":4354121,"M":true,"q":"1141.00000000","s":"NAVBTC","a":3069491,"T":1593081574240,"e":"aggTrade","p":"0.00001394","f":4354116},{"m":false,"E":1593081574244,"l":4354122,"M":true,"q":"657.00000000","s":"NAVBTC","a":3069492,"T":1593081574240,"e":"aggTrade","p":"0.00001395","f":4354122},{"m":true,"E":1593081574265,"l":4354123,"M":true,"q":"250.00000000","s":"NAVBTC","a":3069493,"T":1593081574263,"e":"aggTrade","p":"0.00001395","f":4354123},{"m":true,"E":1593081574825,"l":4354124,"M":true,"q":"250.00000000","s":"NAVBTC","a":3069494,"T":1593081574824,"e":"aggTrade","p":"0.00001395","f":4354124},{"m":true,"E":1593081576497,"l":4354125,"M":true,"q":"240.00000000","s":"NAVBTC","a":3069495,"T":1593081576496,"e":"aggTrade","p":"0.00001395","f":4354125},{"m":true,"E":1593081576576,"l":4354126,"M":true,"q":"1502.00000000","s":"NAVBTC","a":3069496,"T":1593081576575,"e":"aggTrade","p":"0.00001395","f":4354126},{"m":true,"E":1593081576799,"l":4354127,"M":true,"q":"370.00000000","s":"NAVBTC","a":3069497,"T":1593081576797,"e":"aggTrade","p":"0.00001395","f":4354127},{"m":true,"E":1593081577361,"l":4354128,"M":true,"q":"296.00000000","s":"NAVBTC","a":3069498,"T":1593081577360,"e":"aggTrade","p":"0.00001395","f":4354128},{"m":false,"E":1593081578831,"l":4354132,"M":true,"q":"1504.00000000","s":"NAVBTC","a":3069499,"T":1593081578829,"e":"aggTrade","p":"0.00001396","f":4354129},{"m":false,"E":1593081579124,"l":4354133,"M":true,"q":"77.00000000","s":"NAVBTC","a":3069500,"T":1593081579123,"e":"aggTrade","p":"0.00001396","f":4354133},{"m":true,"E":1593081579755,"l":4354134,"M":true,"q":"105.00000000","s":"NAVBTC","a":3069501,"T":1593081579753,"e":"aggTrade","p":"0.00001395","f":4354134},{"m":false,"E":1593081580707,"l":4354138,"M":true,"q":"2228.00000000","s":"NAVBTC","a":3069502,"T":1593081580704,"e":"aggTrade","p":"0.00001396","f":4354135},{"m":false,"E":1593081580707,"l":4354140,"M":true,"q":"7718.00000000","s":"NAVBTC","a":3069503,"T":1593081580704,"e":"aggTrade","p":"0.00001397","f":4354139},{"m":true,"E":1593081582206,"l":4354141,"M":true,"q":"20.00000000","s":"NAVBTC","a":3069504,"T":1593081582205,"e":"aggTrade","p":"0.00001397","f":4354141},{"m":true,"E":1593081582331,"l":4354142,"M":true,"q":"7500.00000000","s":"NAVBTC","a":3069505,"T":1593081582330,"e":"aggTrade","p":"0.00001397","f":4354142},{"m":false,"E":1593081584332,"l":4354143,"M":true,"q":"125.00000000","s":"NAVBTC","a":3069506,"T":1593081584330,"e":"aggTrade","p":"0.00001398","f":4354143},{"m":true,"E":1593081585026,"l":4354144,"M":true,"q":"90.00000000","s":"NAVBTC","a":3069507,"T":1593081585024,"e":"aggTrade","p":"0.00001398","f":4354144},{"m":true,"E":1593081585026,"l":4354145,"M":true,"q":"634.00000000","s":"NAVBTC","a":3069508,"T":1593081585024,"e":"aggTrade","p":"0.00001397","f":4354145},{"m":false,"E":1593081586595,"l":4354146,"M":true,"q":"1816.00000000","s":"NAVBTC","a":3069509,"T":1593081586594,"e":"aggTrade","p":"0.00001397","f":4354146},{"m":false,"E":1593081586914,"l":4354147,"M":true,"q":"4152.00000000","s":"NAVBTC","a":3069510,"T":1593081586909,"e":"aggTrade","p":"0.00001397","f":4354147},{"m":false,"E":1593081586914,"l":4354150,"M":true,"q":"5179.00000000","s":"NAVBTC","a":3069511,"T":1593081586909,"e":"aggTrade","p":"0.00001399","f":4354148},{"m":false,"E":1593081586914,"l":4354164,"M":true,"q":"16474.00000000","s":"NAVBTC","a":3069512,"T":1593081586909,"e":"aggTrade","p":"0.00001400","f":4354151},{"m":false,"E":1593081587704,"l":4354165,"M":true,"q":"10.00000000","s":"NAVBTC","a":3069513,"T":1593081587701,"e":"aggTrade","p":"0.00001401","f":4354165},{"m":false,"E":1593081587704,"l":4354170,"M":true,"q":"10977.00000000","s":"NAVBTC","a":3069514,"T":1593081587701,"e":"aggTrade","p":"0.00001402","f":4354166},{"m":false,"E":1593081590181,"l":4354171,"M":true,"q":"4460.00000000","s":"NAVBTC","a":3069515,"T":1593081590179,"e":"aggTrade","p":"0.00001402","f":4354171},{"m":false,"E":1593081590181,"l":4354173,"M":true,"q":"3361.00000000","s":"NAVBTC","a":3069516,"T":1593081590179,"e":"aggTrade","p":"0.00001403","f":4354172},{"m":true,"E":1593081590835,"l":4354174,"M":true,"q":"655.00000000","s":"NAVBTC","a":3069517,"T":1593081590834,"e":"aggTrade","p":"0.00001401","f":4354174},{"m":true,"E":1593081590886,"l":4354175,"M":true,"q":"147.00000000","s":"NAVBTC","a":3069518,"T":1593081590884,"e":"aggTrade","p":"0.00001401","f":4354175},{"m":true,"E":1593081591428,"l":4354176,"M":true,"q":"54.00000000","s":"NAVBTC","a":3069519,"T":1593081591427,"e":"aggTrade","p":"0.00001401","f":4354176},{"m":false,"E":1593081591720,"l":4354177,"M":true,"q":"39.00000000","s":"NAVBTC","a":3069520,"T":1593081591719,"e":"aggTrade","p":"0.00001403","f":4354177},{"m":true,"E":1593081597385,"l":4354178,"M":true,"q":"150.00000000","s":"NAVBTC","a":3069521,"T":1593081597384,"e":"aggTrade","p":"0.00001400","f":4354178},{"m":true,"E":1593081604802,"l":4354179,"M":true,"q":"55.00000000","s":"NAVBTC","a":3069522,"T":1593081604801,"e":"aggTrade","p":"0.00001402","f":4354179},{"m":true,"E":1593081605095,"l":4354180,"M":true,"q":"8.00000000","s":"NAVBTC","a":3069523,"T":1593081605093,"e":"aggTrade","p":"0.00001402","f":4354180},{"m":true,"E":1593081606205,"l":4354181,"M":true,"q":"1001.00000000","s":"NAVBTC","a":3069524,"T":1593081606203,"e":"aggTrade","p":"0.00001402","f":4354181},{"m":false,"E":1593081616024,"l":4354182,"M":true,"q":"2868.00000000","s":"NAVBTC","a":3069525,"T":1593081616023,"e":"aggTrade","p":"0.00001403","f":4354182},{"m":false,"E":1593081616893,"l":4354183,"M":true,"q":"15.00000000","s":"NAVBTC","a":3069526,"T":1593081616892,"e":"aggTrade","p":"0.00001404","f":4354183},{"m":false,"E":1593081617384,"l":4354184,"M":true,"q":"8.00000000","s":"NAVBTC","a":3069527,"T":1593081617382,"e":"aggTrade","p":"0.00001404","f":4354184},{"m":false,"E":1593081619970,"l":4354185,"M":true,"q":"10.00000000","s":"NAVBTC","a":3069528,"T":1593081619968,"e":"aggTrade","p":"0.00001404","f":4354185},{"m":true,"E":1593081625809,"l":4354186,"M":true,"q":"249.00000000","s":"NAVBTC","a":3069529,"T":1593081625807,"e":"aggTrade","p":"0.00001403","f":4354186},{"m":true,"E":1593081625809,"l":4354187,"M":true,"q":"55.00000000","s":"NAVBTC","a":3069530,"T":1593081625807,"e":"aggTrade","p":"0.00001400","f":4354187},{"m":true,"E":1593081625809,"l":4354188,"M":true,"q":"213.00000000","s":"NAVBTC","a":3069531,"T":1593081625807,"e":"aggTrade","p":"0.00001398","f":4354188},{"m":false,"E":1593081625856,"l":4354189,"M":true,"q":"9.00000000","s":"NAVBTC","a":3069532,"T":1593081625854,"e":"aggTrade","p":"0.00001404","f":4354189},{"m":false,"E":1593081626217,"l":4354190,"M":true,"q":"27.00000000","s":"NAVBTC","a":3069533,"T":1593081626216,"e":"aggTrade","p":"0.00001403","f":4354190},{"m":true,"E":1593081627283,"l":4354191,"M":true,"q":"278.00000000","s":"NAVBTC","a":3069534,"T":1593081627281,"e":"aggTrade","p":"0.00001398","f":4354191},{"m":true,"E":1593081627283,"l":4354192,"M":true,"q":"53.00000000","s":"NAVBTC","a":3069535,"T":1593081627281,"e":"aggTrade","p":"0.00001396","f":4354192},{"m":true,"E":1593081627293,"l":4354193,"M":true,"q":"8.00000000","s":"NAVBTC","a":3069536,"T":1593081627292,"e":"aggTrade","p":"0.00001396","f":4354193},{"m":true,"E":1593081627454,"l":4354194,"M":true,"q":"25.00000000","s":"NAVBTC","a":3069537,"T":1593081627453,"e":"aggTrade","p":"0.00001396","f":4354194},{"m":true,"E":1593081627454,"l":4354195,"M":true,"q":"174.00000000","s":"NAVBTC","a":3069538,"T":1593081627453,"e":"aggTrade","p":"0.00001395","f":4354195},{"m":true,"E":1593081627454,"l":4354196,"M":true,"q":"219.00000000","s":"NAVBTC","a":3069539,"T":1593081627453,"e":"aggTrade","p":"0.00001395","f":4354196},{"m":true,"E":1593081627482,"l":4354197,"M":true,"q":"219.00000000","s":"NAVBTC","a":3069540,"T":1593081627481,"e":"aggTrade","p":"0.00001395","f":4354197},{"m":true,"E":1593081627920,"l":4354198,"M":true,"q":"15.00000000","s":"NAVBTC","a":3069541,"T":1593081627919,"e":"aggTrade","p":"0.00001395","f":4354198},{"m":true,"E":1593081630429,"l":4354199,"M":true,"q":"7821.00000000","s":"NAVBTC","a":3069542,"T":1593081630427,"e":"aggTrade","p":"0.00001395","f":4354199},{"m":false,"E":1593081631979,"l":4354200,"M":true,"q":"157.00000000","s":"NAVBTC","a":3069543,"T":1593081631978,"e":"aggTrade","p":"0.00001402","f":4354200},{"m":true,"E":1593081633797,"l":4354201,"M":true,"q":"720.00000000","s":"NAVBTC","a":3069544,"T":1593081633795,"e":"aggTrade","p":"0.00001395","f":4354201},{"m":false,"E":1593081634013,"l":4354202,"M":true,"q":"250.00000000","s":"NAVBTC","a":3069545,"T":1593081634011,"e":"aggTrade","p":"0.00001403","f":4354202},{"m":false,"E":1593081634013,"l":4354203,"M":true,"q":"23.00000000","s":"NAVBTC","a":3069546,"T":1593081634011,"e":"aggTrade","p":"0.00001404","f":4354203},{"m":true,"E":1593081634085,"l":4354204,"M":true,"q":"1752.00000000","s":"NAVBTC","a":3069547,"T":1593081634084,"e":"aggTrade","p":"0.00001404","f":4354204},{"m":true,"E":1593081634087,"l":4354205,"M":true,"q":"1253.00000000","s":"NAVBTC","a":3069548,"T":1593081634085,"e":"aggTrade","p":"0.00001404","f":4354205},{"m":true,"E":1593081634087,"l":4354207,"M":true,"q":"1517.00000000","s":"NAVBTC","a":3069549,"T":1593081634085,"e":"aggTrade","p":"0.00001395","f":4354206},{"m":false,"E":1593081636170,"l":4354208,"M":true,"q":"46.00000000","s":"NAVBTC","a":3069550,"T":1593081636169,"e":"aggTrade","p":"0.00001395","f":4354208},{"m":false,"E":1593081639034,"l":4354209,"M":true,"q":"229.00000000","s":"NAVBTC","a":3069551,"T":1593081639033,"e":"aggTrade","p":"0.00001395","f":4354209},{"m":false,"E":1593081639695,"l":4354210,"M":true,"q":"650.00000000","s":"NAVBTC","a":3069552,"T":1593081639694,"e":"aggTrade","p":"0.00001395","f":4354210},{"m":true,"E":1593081645670,"l":4354211,"M":true,"q":"2000.00000000","s":"NAVBTC","a":3069553,"T":1593081645664,"e":"aggTrade","p":"0.00001400","f":4354211},{"m":true,"E":1593081645691,"l":4354212,"M":true,"q":"1311.00000000","s":"NAVBTC","a":3069554,"T":1593081645690,"e":"aggTrade","p":"0.00001400","f":4354212},{"m":true,"E":1593081646973,"l":4354213,"M":true,"q":"10.00000000","s":"NAVBTC","a":3069555,"T":1593081646970,"e":"aggTrade","p":"0.00001394","f":4354213},{"m":true,"E":1593081646973,"l":4354215,"M":true,"q":"27.00000000","s":"NAVBTC","a":3069556,"T":1593081646970,"e":"aggTrade","p":"0.00001391","f":4354214},{"m":true,"E":1593081646973,"l":4354217,"M":true,"q":"1051.00000000","s":"NAVBTC","a":3069557,"T":1593081646970,"e":"aggTrade","p":"0.00001389","f":4354216},{"m":true,"E":1593081646973,"l":4354218,"M":true,"q":"158.00000000","s":"NAVBTC","a":3069558,"T":1593081646970,"e":"aggTrade","p":"0.00001387","f":4354218},{"m":true,"E":1593081646973,"l":4354220,"M":true,"q":"127.00000000","s":"NAVBTC","a":3069559,"T":1593081646970,"e":"aggTrade","p":"0.00001386","f":4354219},{"m":true,"E":1593081646973,"l":4354222,"M":true,"q":"427.00000000","s":"NAVBTC","a":3069560,"T":1593081646970,"e":"aggTrade","p":"0.00001385","f":4354221},{"m":true,"E":1593081648639,"l":4354223,"M":true,"q":"193.00000000","s":"NAVBTC","a":3069561,"T":1593081648637,"e":"aggTrade","p":"0.00001386","f":4354223},{"m":true,"E":1593081648656,"l":4354224,"M":true,"q":"193.00000000","s":"NAVBTC","a":3069562,"T":1593081648655,"e":"aggTrade","p":"0.00001395","f":4354224},{"m":true,"E":1593081649018,"l":4354225,"M":true,"q":"92.00000000","s":"NAVBTC","a":3069563,"T":1593081649016,"e":"aggTrade","p":"0.00001395","f":4354225},{"m":true,"E":1593081649302,"l":4354226,"M":true,"q":"13.00000000","s":"NAVBTC","a":3069564,"T":1593081649300,"e":"aggTrade","p":"0.00001395","f":4354226},{"m":true,"E":1593081650776,"l":4354227,"M":true,"q":"10.00000000","s":"NAVBTC","a":3069565,"T":1593081650775,"e":"aggTrade","p":"0.00001395","f":4354227},{"m":true,"E":1593081653480,"l":4354228,"M":true,"q":"365.00000000","s":"NAVBTC","a":3069566,"T":1593081653478,"e":"aggTrade","p":"0.00001395","f":4354228},{"m":true,"E":1593081656064,"l":4354229,"M":true,"q":"20000.00000000","s":"NAVBTC","a":3069567,"T":1593081656063,"e":"aggTrade","p":"0.00001395","f":4354229},{"m":true,"E":1593081656165,"l":4354231,"M":true,"q":"986.00000000","s":"NAVBTC","a":3069568,"T":1593081656164,"e":"aggTrade","p":"0.00001395","f":4354230},{"m":false,"E":1593081667015,"l":4354232,"M":true,"q":"9.00000000","s":"NAVBTC","a":3069569,"T":1593081667013,"e":"aggTrade","p":"0.00001394","f":4354232},{"m":false,"E":1593081673213,"l":4354234,"M":true,"q":"7142.00000000","s":"NAVBTC","a":3069570,"T":1593081673211,"e":"aggTrade","p":"0.00001394","f":4354233}]]},{"peak":"-4.73186120|3420,5.20504732|1200,-4.75068708|1080,8.91244601|3090,-15.15151515|2880,11.20797011|810,-4.52594616|300,11.35388217|990,-17.59373712|2640,17.26411207|2940,-5.01845018|420,6.60516605|450,-3.28923847|180,8.93814802|870,-4.34931507|330,3.28767123|180,-6.76106195|210,4.60176991|540,-4.26958363|510,5.29287227|690,-5.47896783|720,14.84623542|1590,-3.63636364|90,25.07177033|330,-15.56145004|573,8.72384321|171,-7.08272859|270,8.85341074|177,-6.26239728|276,11.67469538|114,-9.29007210|243,7.40432612|105,-6.40109890|57,3.29670330|147,-7.95291415|390,9.56072351|176,-6.53266332|303,3.85259631|262,-5.83214794|214,-5.83214794|214,11.57894737|517,-3.42827004|10,3.05907173|21,-6.60120022|148,5.26459356|76,-5.32205240|76,11.43558952|255,-4.15816327|36,3.87755102|62,-4.33000256|63","transactionList":[{},{},{},{},{},{},{},{},{},{},{},{},{},{},{},{},{},{},{},{},{},{},{},{},{},{},{},{},{},{},{},{},{},{},{},{},{},{},{},[{"m":true,"l":3262284,"M":true,"q":"6851.00000000","a":2468583,"T":1593014222689,"p":"0.00001764","f":3262279},{"m":true,"l":3262286,"M":true,"q":"18.00000000","a":2468584,"T":1593014222689,"p":"0.00001763","f":3262285},{"m":false,"l":3262287,"M":true,"q":"503.00000000","a":2468585,"T":1593014222851,"p":"0.00001763","f":3262287},{"m":true,"l":3262291,"M":true,"q":"1714.00000000","a":2468586,"T":1593014238719,"p":"0.00001762","f":3262288},{"m":true,"l":3262292,"M":true,"q":"682.00000000","a":2468587,"T":1593014249112,"p":"0.00001762","f":3262292},{"m":true,"l":3262295,"M":true,"q":"3223.00000000","a":2468588,"T":1593014249254,"p":"0.00001762","f":3262293},{"m":true,"l":3262297,"M":true,"q":"18.00000000","a":2468589,"T":1593014249257,"p":"0.00001761","f":3262296},{"m":true,"l":3262300,"M":true,"q":"30.00000000","a":2468590,"T":1593014249257,"p":"0.00001760","f":3262298},{"m":true,"l":3262303,"M":true,"q":"57.00000000","a":2468591,"T":1593014249257,"p":"0.00001759","f":3262301},{"m":true,"l":3262306,"M":true,"q":"39.00000000","a":2468592,"T":1593014249257,"p":"0.00001758","f":3262304},{"m":true,"l":3262308,"M":true,"q":"18.00000000","a":2468593,"T":1593014249257,"p":"0.00001757","f":3262307},{"m":true,"l":3262311,"M":true,"q":"1168.00000000","a":2468594,"T":1593014249257,"p":"0.00001756","f":3262309},{"m":true,"l":3262313,"M":true,"q":"18.00000000","a":2468595,"T":1593014249257,"p":"0.00001755","f":3262312},{"m":true,"l":3262318,"M":true,"q":"2234.00000000","a":2468596,"T":1593014249257,"p":"0.00001754","f":3262314},{"m":true,"l":3262320,"M":true,"q":"550.00000000","a":2468597,"T":1593014249259,"p":"0.00001754","f":3262319},{"m":true,"l":3262321,"M":true,"q":"631.00000000","a":2468598,"T":1593014249329,"p":"0.00001754","f":3262321},{"m":true,"l":3262324,"M":true,"q":"4489.00000000","a":2468599,"T":1593014249329,"p":"0.00001753","f":3262322},{"m":false,"l":3262325,"M":true,"q":"128.00000000","a":2468600,"T":1593014250552,"p":"0.00001763","f":3262325},{"m":true,"l":3262326,"M":true,"q":"78.00000000","a":2468601,"T":1593014257236,"p":"0.00001756","f":3262326},{"m":true,"l":3262327,"M":true,"q":"169.00000000","a":2468602,"T":1593014268590,"p":"0.00001758","f":3262327},{"m":false,"l":3262330,"M":true,"q":"57.00000000","a":2468603,"T":1593014274046,"p":"0.00001759","f":3262328},{"m":false,"l":3262332,"M":true,"q":"18.00000000","a":2468604,"T":1593014274046,"p":"0.00001760","f":3262331},{"m":false,"l":3262334,"M":true,"q":"18.00000000","a":2468605,"T":1593014274046,"p":"0.00001761","f":3262333},{"m":true,"l":3262335,"M":true,"q":"152.00000000","a":2468606,"T":1593014274054,"p":"0.00001761","f":3262335},{"m":false,"l":3262336,"M":true,"q":"9.00000000","a":2468607,"T":1593014274735,"p":"0.00001762","f":3262336},{"m":false,"l":3262338,"M":true,"q":"9.00000000","a":2468608,"T":1593014277284,"p":"0.00001762","f":3262337},{"m":false,"l":3262339,"M":true,"q":"314.00000000","a":2468609,"T":1593014277284,"p":"0.00001763","f":3262339},{"m":false,"l":3262340,"M":true,"q":"28.00000000","a":2468610,"T":1593014292808,"p":"0.00001762","f":3262340},{"m":true,"l":3262341,"M":true,"q":"155.00000000","a":2468611,"T":1593014297805,"p":"0.00001757","f":3262341},{"m":true,"l":3262343,"M":true,"q":"18.00000000","a":2468612,"T":1593014297805,"p":"0.00001756","f":3262342},{"m":true,"l":3262345,"M":true,"q":"18.00000000","a":2468613,"T":1593014297806,"p":"0.00001755","f":3262344},{"m":true,"l":3262348,"M":true,"q":"57.00000000","a":2468614,"T":1593014297806,"p":"0.00001754","f":3262346},{"m":true,"l":3262349,"M":true,"q":"2288.00000000","a":2468615,"T":1593014297806,"p":"0.00001753","f":3262349},{"m":true,"l":3262350,"M":true,"q":"2363.00000000","a":2468616,"T":1593014297806,"p":"0.00001753","f":3262350},{"m":true,"l":3262351,"M":true,"q":"2363.00000000","a":2468617,"T":1593014297807,"p":"0.00001753","f":3262351},{"m":true,"l":3262352,"M":true,"q":"2363.00000000","a":2468618,"T":1593014297809,"p":"0.00001753","f":3262352},{"m":true,"l":3262353,"M":true,"q":"2363.00000000","a":2468619,"T":1593014297811,"p":"0.00001753","f":3262353},{"m":true,"l":3262354,"M":true,"q":"155.00000000","a":2468620,"T":1593014297814,"p":"0.00001753","f":3262354},{"m":true,"l":3262355,"M":true,"q":"548.00000000","a":2468621,"T":1593014297814,"p":"0.00001753","f":3262355},{"m":true,"l":3262356,"M":true,"q":"4018.00000000","a":2468622,"T":1593014297843,"p":"0.00001753","f":3262356},{"m":true,"l":3262357,"M":true,"q":"868.00000000","a":2468623,"T":1593014297876,"p":"0.00001753","f":3262357},{"m":true,"l":3262358,"M":true,"q":"6000.00000000","a":2468624,"T":1593014297905,"p":"0.00001753","f":3262358},{"m":true,"l":3262359,"M":true,"q":"1292.00000000","a":2468625,"T":1593014297977,"p":"0.00001753","f":3262359},{"m":true,"l":3262360,"M":true,"q":"3659.00000000","a":2468626,"T":1593014298023,"p":"0.00001753","f":3262360},{"m":true,"l":3262361,"M":true,"q":"995.00000000","a":2468627,"T":1593014298051,"p":"0.00001753","f":3262361},{"m":false,"l":3262362,"M":true,"q":"98.00000000","a":2468628,"T":1593014298196,"p":"0.00001755","f":3262362},{"m":true,"l":3262363,"M":true,"q":"72.00000000","a":2468629,"T":1593014298552,"p":"0.00001755","f":3262363},{"m":true,"l":3262364,"M":true,"q":"13.00000000","a":2468630,"T":1593014298608,"p":"0.00001755","f":3262364},{"m":true,"l":3262365,"M":true,"q":"944.00000000","a":2468631,"T":1593014298608,"p":"0.00001754","f":3262365},{"m":true,"l":3262366,"M":true,"q":"5043.00000000","a":2468632,"T":1593014298608,"p":"0.00001753","f":3262366},{"m":false,"l":3262367,"M":true,"q":"39.00000000","a":2468633,"T":1593014306343,"p":"0.00001759","f":3262367},{"m":true,"l":3262368,"M":true,"q":"601.00000000","a":2468634,"T":1593014306352,"p":"0.00001759","f":3262368},{"m":true,"l":3262369,"M":true,"q":"60.00000000","a":2468635,"T":1593014335502,"p":"0.00001756","f":3262369},{"m":true,"l":3262370,"M":true,"q":"39.00000000","a":2468636,"T":1593014335502,"p":"0.00001754","f":3262370},{"m":true,"l":3262371,"M":true,"q":"901.00000000","a":2468637,"T":1593014335502,"p":"0.00001753","f":3262371}],[{"m":false,"E":1593045291105,"l":3268522,"M":true,"q":"5349.00000000","s":"ONGBTC","a":2471703,"T":1593045291103,"e":"aggTrade","p":"0.00001915","f":3268521},{"m":true,"E":1593045291151,"l":3268523,"M":true,"q":"36.00000000","s":"ONGBTC","a":2471704,"T":1593045291149,"e":"aggTrade","p":"0.00001907","f":3268523},{"m":true,"E":1593045291151,"l":3268525,"M":true,"q":"47.00000000","s":"ONGBTC","a":2471705,"T":1593045291149,"e":"aggTrade","p":"0.00001901","f":3268524},{"m":true,"E":1593045291151,"l":3268526,"M":true,"q":"2255.00000000","s":"ONGBTC","a":2471706,"T":1593045291149,"e":"aggTrade","p":"0.00001899","f":3268526},{"m":true,"E":1593045291151,"l":3268527,"M":true,"q":"3011.00000000","s":"ONGBTC","a":2471707,"T":1593045291149,"e":"aggTrade","p":"0.00001898","f":3268527},{"m":false,"E":1593045293379,"l":3268528,"M":true,"q":"36.00000000","s":"ONGBTC","a":2471708,"T":1593045293376,"e":"aggTrade","p":"0.00001907","f":3268528},{"m":false,"E":1593045293379,"l":3268529,"M":true,"q":"1896.00000000","s":"ONGBTC","a":2471709,"T":1593045293376,"e":"aggTrade","p":"0.00001910","f":3268529},{"m":false,"E":1593045293379,"l":3268530,"M":true,"q":"36.00000000","s":"ONGBTC","a":2471710,"T":1593045293376,"e":"aggTrade","p":"0.00001913","f":3268530},{"m":false,"E":1593045293379,"l":3268531,"M":true,"q":"11.00000000","s":"ONGBTC","a":2471711,"T":1593045293376,"e":"aggTrade","p":"0.00001914","f":3268531},{"m":false,"E":1593045293379,"l":3268534,"M":true,"q":"28.00000000","s":"ONGBTC","a":2471712,"T":1593045293376,"e":"aggTrade","p":"0.00001917","f":3268532},{"m":false,"E":1593045295793,"l":3268535,"M":true,"q":"36.00000000","s":"ONGBTC","a":2471713,"T":1593045295781,"e":"aggTrade","p":"0.00001919","f":3268535},{"m":false,"E":1593045295793,"l":3268537,"M":true,"q":"568.00000000","s":"ONGBTC","a":2471714,"T":1593045295781,"e":"aggTrade","p":"0.00001921","f":3268536},{"m":false,"E":1593045295793,"l":3268539,"M":true,"q":"30.00000000","s":"ONGBTC","a":2471715,"T":1593045295781,"e":"aggTrade","p":"0.00001922","f":3268538},{"m":false,"E":1593045295793,"l":3268542,"M":true,"q":"70.00000000","s":"ONGBTC","a":2471716,"T":1593045295781,"e":"aggTrade","p":"0.00001925","f":3268540},{"m":false,"E":1593045295793,"l":3268547,"M":true,"q":"12002.00000000","s":"ONGBTC","a":2471717,"T":1593045295781,"e":"aggTrade","p":"0.00001926","f":3268543},{"m":false,"E":1593045295793,"l":3268550,"M":true,"q":"593.00000000","s":"ONGBTC","a":2471718,"T":1593045295781,"e":"aggTrade","p":"0.00001927","f":3268548},{"m":false,"E":1593045295793,"l":3268551,"M":true,"q":"142.00000000","s":"ONGBTC","a":2471719,"T":1593045295781,"e":"aggTrade","p":"0.00001930","f":3268551},{"m":false,"E":1593045295793,"l":3268553,"M":true,"q":"43.00000000","s":"ONGBTC","a":2471720,"T":1593045295781,"e":"aggTrade","p":"0.00001931","f":3268552},{"m":false,"E":1593045295793,"l":3268556,"M":true,"q":"124.00000000","s":"ONGBTC","a":2471721,"T":1593045295781,"e":"aggTrade","p":"0.00001937","f":3268554},{"m":false,"E":1593045295793,"l":3268568,"M":true,"q":"70.00000000","s":"ONGBTC","a":2471722,"T":1593045295781,"e":"aggTrade","p":"0.00001938","f":3268557},{"m":false,"E":1593045295793,"l":3268570,"M":true,"q":"46.00000000","s":"ONGBTC","a":2471723,"T":1593045295781,"e":"aggTrade","p":"0.00001940","f":3268569},{"m":false,"E":1593045295793,"l":3268577,"M":true,"q":"1790.00000000","s":"ONGBTC","a":2471724,"T":1593045295781,"e":"aggTrade","p":"0.00001941","f":3268571},{"m":false,"E":1593045295793,"l":3268578,"M":true,"q":"21.00000000","s":"ONGBTC","a":2471725,"T":1593045295781,"e":"aggTrade","p":"0.00001942","f":3268578},{"m":false,"E":1593045295793,"l":3268581,"M":true,"q":"1219.00000000","s":"ONGBTC","a":2471726,"T":1593045295781,"e":"aggTrade","p":"0.00001943","f":3268579},{"m":false,"E":1593045295793,"l":3268583,"M":true,"q":"106.00000000","s":"ONGBTC","a":2471727,"T":1593045295781,"e":"aggTrade","p":"0.00001944","f":3268582},{"m":false,"E":1593045295793,"l":3268584,"M":true,"q":"933.00000000","s":"ONGBTC","a":2471728,"T":1593045295781,"e":"aggTrade","p":"0.00001945","f":3268584},{"m":false,"E":1593045298332,"l":3268585,"M":true,"q":"221.00000000","s":"ONGBTC","a":2471729,"T":1593045298331,"e":"aggTrade","p":"0.00001943","f":3268585},{"m":false,"E":1593045298707,"l":3268586,"M":true,"q":"11.00000000","s":"ONGBTC","a":2471730,"T":1593045298706,"e":"aggTrade","p":"0.00001942","f":3268586},{"m":true,"E":1593045299767,"l":3268587,"M":true,"q":"35.00000000","s":"ONGBTC","a":2471731,"T":1593045299765,"e":"aggTrade","p":"0.00001937","f":3268587},{"m":true,"E":1593045299767,"l":3268588,"M":true,"q":"35.00000000","s":"ONGBTC","a":2471732,"T":1593045299765,"e":"aggTrade","p":"0.00001931","f":3268588},{"m":true,"E":1593045299767,"l":3268590,"M":true,"q":"32.00000000","s":"ONGBTC","a":2471733,"T":1593045299765,"e":"aggTrade","p":"0.00001927","f":3268589},{"m":true,"E":1593045299767,"l":3268591,"M":true,"q":"190.00000000","s":"ONGBTC","a":2471734,"T":1593045299765,"e":"aggTrade","p":"0.00001925","f":3268591},{"m":true,"E":1593045299988,"l":3268592,"M":true,"q":"16.00000000","s":"ONGBTC","a":2471735,"T":1593045299986,"e":"aggTrade","p":"0.00001926","f":3268592},{"m":false,"E":1593045300036,"l":3268593,"M":true,"q":"6.00000000","s":"ONGBTC","a":2471736,"T":1593045300035,"e":"aggTrade","p":"0.00001932","f":3268593},{"m":false,"E":1593045300264,"l":3268594,"M":true,"q":"10.00000000","s":"ONGBTC","a":2471737,"T":1593045300263,"e":"aggTrade","p":"0.00001932","f":3268594},{"m":false,"E":1593045300282,"l":3268595,"M":true,"q":"2.00000000","s":"ONGBTC","a":2471738,"T":1593045300281,"e":"aggTrade","p":"0.00001941","f":3268595},{"m":true,"E":1593045300440,"l":3268596,"M":true,"q":"3100.00000000","s":"ONGBTC","a":2471739,"T":1593045300439,"e":"aggTrade","p":"0.00001934","f":3268596},{"m":true,"E":1593045301139,"l":3268597,"M":true,"q":"1232.00000000","s":"ONGBTC","a":2471740,"T":1593045301136,"e":"aggTrade","p":"0.00001937","f":3268597},{"m":true,"E":1593045301139,"l":3268598,"M":true,"q":"2117.00000000","s":"ONGBTC","a":2471741,"T":1593045301136,"e":"aggTrade","p":"0.00001935","f":3268598},{"m":true,"E":1593045301139,"l":3268599,"M":true,"q":"2061.00000000","s":"ONGBTC","a":2471742,"T":1593045301136,"e":"aggTrade","p":"0.00001934","f":3268599},{"m":true,"E":1593045301139,"l":3268600,"M":true,"q":"817.00000000","s":"ONGBTC","a":2471743,"T":1593045301136,"e":"aggTrade","p":"0.00001931","f":3268600},{"m":true,"E":1593045301139,"l":3268601,"M":true,"q":"298.00000000","s":"ONGBTC","a":2471744,"T":1593045301136,"e":"aggTrade","p":"0.00001928","f":3268601},{"m":true,"E":1593045301139,"l":3268602,"M":true,"q":"655.00000000","s":"ONGBTC","a":2471745,"T":1593045301136,"e":"aggTrade","p":"0.00001926","f":3268602},{"m":false,"E":1593045301205,"l":3268603,"M":true,"q":"298.00000000","s":"ONGBTC","a":2471746,"T":1593045301204,"e":"aggTrade","p":"0.00001934","f":3268603},{"m":true,"E":1593045301819,"l":3268604,"M":true,"q":"299.00000000","s":"ONGBTC","a":2471747,"T":1593045301817,"e":"aggTrade","p":"0.00001927","f":3268604},{"m":true,"E":1593045301819,"l":3268605,"M":true,"q":"415.00000000","s":"ONGBTC","a":2471748,"T":1593045301817,"e":"aggTrade","p":"0.00001926","f":3268605},{"m":true,"E":1593045301819,"l":3268606,"M":true,"q":"26.00000000","s":"ONGBTC","a":2471749,"T":1593045301817,"e":"aggTrade","p":"0.00001925","f":3268606},{"m":false,"E":1593045302044,"l":3268607,"M":true,"q":"11.00000000","s":"ONGBTC","a":2471750,"T":1593045302042,"e":"aggTrade","p":"0.00001933","f":3268607},{"m":false,"E":1593045303867,"l":3268608,"M":true,"q":"288.00000000","s":"ONGBTC","a":2471751,"T":1593045303854,"e":"aggTrade","p":"0.00001933","f":3268608},{"m":false,"E":1593045303867,"l":3268609,"M":true,"q":"35.00000000","s":"ONGBTC","a":2471752,"T":1593045303854,"e":"aggTrade","p":"0.00001937","f":3268609},{"m":false,"E":1593045303867,"l":3268610,"M":true,"q":"10.00000000","s":"ONGBTC","a":2471753,"T":1593045303854,"e":"aggTrade","p":"0.00001939","f":3268610},{"m":false,"E":1593045303867,"l":3268611,"M":true,"q":"11.00000000","s":"ONGBTC","a":2471754,"T":1593045303854,"e":"aggTrade","p":"0.00001941","f":3268611},{"m":false,"E":1593045303867,"l":3268612,"M":true,"q":"21.00000000","s":"ONGBTC","a":2471755,"T":1593045303854,"e":"aggTrade","p":"0.00001942","f":3268612},{"m":false,"E":1593045303867,"l":3268614,"M":true,"q":"1280.00000000","s":"ONGBTC","a":2471756,"T":1593045303854,"e":"aggTrade","p":"0.00001943","f":3268613},{"m":false,"E":1593045303867,"l":3268617,"M":true,"q":"629.00000000","s":"ONGBTC","a":2471757,"T":1593045303854,"e":"aggTrade","p":"0.00001945","f":3268615},{"m":false,"E":1593045303867,"l":3268618,"M":true,"q":"6.00000000","s":"ONGBTC","a":2471758,"T":1593045303854,"e":"aggTrade","p":"0.00001946","f":3268618},{"m":false,"E":1593045303867,"l":3268621,"M":true,"q":"1100.00000000","s":"ONGBTC","a":2471759,"T":1593045303854,"e":"aggTrade","p":"0.00001947","f":3268619},{"m":false,"E":1593045303867,"l":3268623,"M":true,"q":"2464.00000000","s":"ONGBTC","a":2471760,"T":1593045303854,"e":"aggTrade","p":"0.00001948","f":3268622},{"m":false,"E":1593045303867,"l":3268626,"M":true,"q":"7774.00000000","s":"ONGBTC","a":2471761,"T":1593045303854,"e":"aggTrade","p":"0.00001949","f":3268624},{"m":false,"E":1593045303867,"l":3268632,"M":true,"q":"1580.00000000","s":"ONGBTC","a":2471762,"T":1593045303854,"e":"aggTrade","p":"0.00001950","f":3268627},{"m":false,"E":1593045303867,"l":3268633,"M":true,"q":"6.00000000","s":"ONGBTC","a":2471763,"T":1593045303854,"e":"aggTrade","p":"0.00001952","f":3268633},{"m":false,"E":1593045303867,"l":3268634,"M":true,"q":"10.00000000","s":"ONGBTC","a":2471764,"T":1593045303854,"e":"aggTrade","p":"0.00001953","f":3268634},{"m":false,"E":1593045303867,"l":3268637,"M":true,"q":"689.00000000","s":"ONGBTC","a":2471765,"T":1593045303854,"e":"aggTrade","p":"0.00001954","f":3268635},{"m":false,"E":1593045303867,"l":3268641,"M":true,"q":"2287.00000000","s":"ONGBTC","a":2471766,"T":1593045303854,"e":"aggTrade","p":"0.00001955","f":3268638},{"m":false,"E":1593045303867,"l":3268642,"M":true,"q":"12.00000000","s":"ONGBTC","a":2471767,"T":1593045303854,"e":"aggTrade","p":"0.00001956","f":3268642},{"m":false,"E":1593045303867,"l":3268643,"M":true,"q":"21.00000000","s":"ONGBTC","a":2471768,"T":1593045303854,"e":"aggTrade","p":"0.00001957","f":3268643},{"m":false,"E":1593045303867,"l":3268644,"M":true,"q":"2219.00000000","s":"ONGBTC","a":2471769,"T":1593045303854,"e":"aggTrade","p":"0.00001958","f":3268644},{"m":false,"E":1593045303867,"l":3268645,"M":true,"q":"28.00000000","s":"ONGBTC","a":2471770,"T":1593045303854,"e":"aggTrade","p":"0.00001959","f":3268645},{"m":false,"E":1593045303867,"l":3268649,"M":true,"q":"4082.00000000","s":"ONGBTC","a":2471771,"T":1593045303854,"e":"aggTrade","p":"0.00001960","f":3268646},{"m":false,"E":1593045303867,"l":3268651,"M":true,"q":"43.00000000","s":"ONGBTC","a":2471772,"T":1593045303854,"e":"aggTrade","p":"0.00001961","f":3268650},{"m":false,"E":1593045303867,"l":3268652,"M":true,"q":"100.00000000","s":"ONGBTC","a":2471773,"T":1593045303854,"e":"aggTrade","p":"0.00001962","f":3268652},{"m":false,"E":1593045303867,"l":3268653,"M":true,"q":"6.00000000","s":"ONGBTC","a":2471774,"T":1593045303854,"e":"aggTrade","p":"0.00001964","f":3268653},{"m":false,"E":1593045303867,"l":3268654,"M":true,"q":"20.00000000","s":"ONGBTC","a":2471775,"T":1593045303854,"e":"aggTrade","p":"0.00001965","f":3268654},{"m":false,"E":1593045303867,"l":3268656,"M":true,"q":"931.00000000","s":"ONGBTC","a":2471776,"T":1593045303854,"e":"aggTrade","p":"0.00001967","f":3268655},{"m":false,"E":1593045303867,"l":3268657,"M":true,"q":"112.00000000","s":"ONGBTC","a":2471777,"T":1593045303854,"e":"aggTrade","p":"0.00001968","f":3268657},{"m":false,"E":1593045303867,"l":3268660,"M":true,"q":"205.00000000","s":"ONGBTC","a":2471778,"T":1593045303854,"e":"aggTrade","p":"0.00001969","f":3268658},{"m":false,"E":1593045303867,"l":3268662,"M":true,"q":"420.00000000","s":"ONGBTC","a":2471779,"T":1593045303854,"e":"aggTrade","p":"0.00001970","f":3268661},{"m":false,"E":1593045303867,"l":3268665,"M":true,"q":"1485.00000000","s":"ONGBTC","a":2471780,"T":1593045303854,"e":"aggTrade","p":"0.00001971","f":3268663},{"m":false,"E":1593045303867,"l":3268666,"M":true,"q":"6244.00000000","s":"ONGBTC","a":2471781,"T":1593045303854,"e":"aggTrade","p":"0.00001972","f":3268666},{"m":true,"E":1593045303946,"l":3268667,"M":true,"q":"271.00000000","s":"ONGBTC","a":2471782,"T":1593045303945,"e":"aggTrade","p":"0.00001926","f":3268667},{"m":true,"E":1593045303946,"l":3268668,"M":true,"q":"9.00000000","s":"ONGBTC","a":2471783,"T":1593045303945,"e":"aggTrade","p":"0.00001925","f":3268668},{"m":false,"E":1593045303975,"l":3268669,"M":true,"q":"271.00000000","s":"ONGBTC","a":2471784,"T":1593045303974,"e":"aggTrade","p":"0.00001932","f":3268669},{"m":true,"E":1593045304452,"l":3268670,"M":true,"q":"37.00000000","s":"ONGBTC","a":2471785,"T":1593045304451,"e":"aggTrade","p":"0.00001938","f":3268670},{"m":true,"E":1593045304630,"l":3268671,"M":true,"q":"298.00000000","s":"ONGBTC","a":2471786,"T":1593045304628,"e":"aggTrade","p":"0.00001939","f":3268671},{"m":true,"E":1593045304630,"l":3268672,"M":true,"q":"63.00000000","s":"ONGBTC","a":2471787,"T":1593045304628,"e":"aggTrade","p":"0.00001938","f":3268672},{"m":true,"E":1593045304630,"l":3268673,"M":true,"q":"2099.00000000","s":"ONGBTC","a":2471788,"T":1593045304628,"e":"aggTrade","p":"0.00001928","f":3268673},{"m":true,"E":1593045305309,"l":3268674,"M":true,"q":"1251.00000000","s":"ONGBTC","a":2471789,"T":1593045305307,"e":"aggTrade","p":"0.00001929","f":3268674},{"m":true,"E":1593045305309,"l":3268675,"M":true,"q":"689.00000000","s":"ONGBTC","a":2471790,"T":1593045305307,"e":"aggTrade","p":"0.00001928","f":3268675},{"m":false,"E":1593045305931,"l":3268676,"M":true,"q":"35.00000000","s":"ONGBTC","a":2471791,"T":1593045305929,"e":"aggTrade","p":"0.00001945","f":3268676},{"m":false,"E":1593045305962,"l":3268677,"M":true,"q":"9.00000000","s":"ONGBTC","a":2471792,"T":1593045305960,"e":"aggTrade","p":"0.00001945","f":3268677},{"m":false,"E":1593045306145,"l":3268678,"M":true,"q":"35.00000000","s":"ONGBTC","a":2471793,"T":1593045306144,"e":"aggTrade","p":"0.00001945","f":3268678},{"m":false,"E":1593045306383,"l":3268679,"M":true,"q":"35.00000000","s":"ONGBTC","a":2471794,"T":1593045306381,"e":"aggTrade","p":"0.00001945","f":3268679},{"m":false,"E":1593045306392,"l":3268680,"M":true,"q":"11.00000000","s":"ONGBTC","a":2471795,"T":1593045306390,"e":"aggTrade","p":"0.00001945","f":3268680},{"m":false,"E":1593045306929,"l":3268681,"M":true,"q":"167.00000000","s":"ONGBTC","a":2471796,"T":1593045306928,"e":"aggTrade","p":"0.00001945","f":3268681},{"m":true,"E":1593045307008,"l":3268682,"M":true,"q":"35.00000000","s":"ONGBTC","a":2471797,"T":1593045307006,"e":"aggTrade","p":"0.00001943","f":3268682},{"m":true,"E":1593045307117,"l":3268683,"M":true,"q":"21.00000000","s":"ONGBTC","a":2471798,"T":1593045307115,"e":"aggTrade","p":"0.00001942","f":3268683},{"m":false,"E":1593045308051,"l":3268684,"M":true,"q":"46.00000000","s":"ONGBTC","a":2471799,"T":1593045308050,"e":"aggTrade","p":"0.00001942","f":3268684},{"m":false,"E":1593045308749,"l":3268685,"M":true,"q":"6.00000000","s":"ONGBTC","a":2471800,"T":1593045308748,"e":"aggTrade","p":"0.00001945","f":3268685},{"m":false,"E":1593045308787,"l":3268686,"M":true,"q":"35.00000000","s":"ONGBTC","a":2471801,"T":1593045308785,"e":"aggTrade","p":"0.00001949","f":3268686},{"m":true,"E":1593045308794,"l":3268687,"M":true,"q":"116.00000000","s":"ONGBTC","a":2471802,"T":1593045308793,"e":"aggTrade","p":"0.00001946","f":3268687},{"m":true,"E":1593045308961,"l":3268688,"M":true,"q":"609.00000000","s":"ONGBTC","a":2471803,"T":1593045308960,"e":"aggTrade","p":"0.00001947","f":3268688},{"m":true,"E":1593045309134,"l":3268689,"M":true,"q":"519.00000000","s":"ONGBTC","a":2471804,"T":1593045309132,"e":"aggTrade","p":"0.00001947","f":3268689},{"m":true,"E":1593045309577,"l":3268690,"M":true,"q":"194.00000000","s":"ONGBTC","a":2471805,"T":1593045309576,"e":"aggTrade","p":"0.00001946","f":3268690},{"m":true,"E":1593045310043,"l":3268691,"M":true,"q":"2534.00000000","s":"ONGBTC","a":2471806,"T":1593045310042,"e":"aggTrade","p":"0.00001947","f":3268691},{"m":false,"E":1593045310098,"l":3268692,"M":true,"q":"2787.00000000","s":"ONGBTC","a":2471807,"T":1593045310096,"e":"aggTrade","p":"0.00001954","f":3268692},{"m":false,"E":1593045310098,"l":3268693,"M":true,"q":"35.00000000","s":"ONGBTC","a":2471808,"T":1593045310096,"e":"aggTrade","p":"0.00001955","f":3268693},{"m":false,"E":1593045310098,"l":3268694,"M":true,"q":"21.00000000","s":"ONGBTC","a":2471809,"T":1593045310096,"e":"aggTrade","p":"0.00001957","f":3268694},{"m":true,"E":1593045310136,"l":3268695,"M":true,"q":"3076.00000000","s":"ONGBTC","a":2471810,"T":1593045310134,"e":"aggTrade","p":"0.00001957","f":3268695},{"m":true,"E":1593045310136,"l":3268696,"M":true,"q":"1124.00000000","s":"ONGBTC","a":2471811,"T":1593045310134,"e":"aggTrade","p":"0.00001946","f":3268696},{"m":true,"E":1593045310165,"l":3268697,"M":true,"q":"297.00000000","s":"ONGBTC","a":2471812,"T":1593045310164,"e":"aggTrade","p":"0.00001947","f":3268697},{"m":false,"E":1593045310179,"l":3268698,"M":true,"q":"473.00000000","s":"ONGBTC","a":2471813,"T":1593045310178,"e":"aggTrade","p":"0.00001947","f":3268698},{"m":false,"E":1593045310755,"l":3268699,"M":true,"q":"6.00000000","s":"ONGBTC","a":2471814,"T":1593045310754,"e":"aggTrade","p":"0.00001947","f":3268699},{"m":true,"E":1593045310863,"l":3268700,"M":true,"q":"10.00000000","s":"ONGBTC","a":2471815,"T":1593045310861,"e":"aggTrade","p":"0.00001947","f":3268700},{"m":true,"E":1593045311658,"l":3268701,"M":true,"q":"276.00000000","s":"ONGBTC","a":2471816,"T":1593045311656,"e":"aggTrade","p":"0.00001947","f":3268701},{"m":false,"E":1593045311690,"l":3268702,"M":true,"q":"1890.00000000","s":"ONGBTC","a":2471817,"T":1593045311688,"e":"aggTrade","p":"0.00001948","f":3268702},{"m":true,"E":1593045312144,"l":3268704,"M":true,"q":"770.00000000","s":"ONGBTC","a":2471818,"T":1593045312142,"e":"aggTrade","p":"0.00001947","f":3268703},{"m":true,"E":1593045312183,"l":3268705,"M":true,"q":"668.00000000","s":"ONGBTC","a":2471819,"T":1593045312182,"e":"aggTrade","p":"0.00001947","f":3268705},{"m":true,"E":1593045312237,"l":3268706,"M":true,"q":"1890.00000000","s":"ONGBTC","a":2471820,"T":1593045312236,"e":"aggTrade","p":"0.00001946","f":3268706},{"m":true,"E":1593045313429,"l":3268707,"M":true,"q":"35.00000000","s":"ONGBTC","a":2471821,"T":1593045313428,"e":"aggTrade","p":"0.00001949","f":3268707},{"m":false,"E":1593045314258,"l":3268708,"M":true,"q":"11.00000000","s":"ONGBTC","a":2471822,"T":1593045314257,"e":"aggTrade","p":"0.00001953","f":3268708},{"m":false,"E":1593045314309,"l":3268709,"M":true,"q":"11.00000000","s":"ONGBTC","a":2471823,"T":1593045314308,"e":"aggTrade","p":"0.00001953","f":3268709},{"m":false,"E":1593045315464,"l":3268710,"M":true,"q":"12.00000000","s":"ONGBTC","a":2471824,"T":1593045315462,"e":"aggTrade","p":"0.00001953","f":3268710},{"m":false,"E":1593045316003,"l":3268711,"M":true,"q":"6.00000000","s":"ONGBTC","a":2471825,"T":1593045316001,"e":"aggTrade","p":"0.00001953","f":3268711},{"m":false,"E":1593045316149,"l":3268712,"M":true,"q":"665.00000000","s":"ONGBTC","a":2471826,"T":1593045316148,"e":"aggTrade","p":"0.00001947","f":3268712},{"m":false,"E":1593045316262,"l":3268713,"M":true,"q":"746.00000000","s":"ONGBTC","a":2471827,"T":1593045316260,"e":"aggTrade","p":"0.00001947","f":3268713},{"m":false,"E":1593045316268,"l":3268714,"M":true,"q":"24.00000000","s":"ONGBTC","a":2471828,"T":1593045316267,"e":"aggTrade","p":"0.00001947","f":3268714},{"m":true,"E":1593045316955,"l":3268715,"M":true,"q":"10.00000000","s":"ONGBTC","a":2471829,"T":1593045316953,"e":"aggTrade","p":"0.00001947","f":3268715},{"m":true,"E":1593045317262,"l":3268716,"M":true,"q":"194.00000000","s":"ONGBTC","a":2471830,"T":1593045317260,"e":"aggTrade","p":"0.00001947","f":3268716},{"m":true,"E":1593045318679,"l":3268717,"M":true,"q":"145.00000000","s":"ONGBTC","a":2471831,"T":1593045318678,"e":"aggTrade","p":"0.00001947","f":3268717},{"m":false,"E":1593045319222,"l":3268718,"M":true,"q":"257.00000000","s":"ONGBTC","a":2471832,"T":1593045319219,"e":"aggTrade","p":"0.00001953","f":3268718},{"m":false,"E":1593045319222,"l":3268719,"M":true,"q":"35.00000000","s":"ONGBTC","a":2471833,"T":1593045319219,"e":"aggTrade","p":"0.00001955","f":3268719},{"m":false,"E":1593045319222,"l":3268721,"M":true,"q":"21.00000000","s":"ONGBTC","a":2471834,"T":1593045319219,"e":"aggTrade","p":"0.00001959","f":3268720},{"m":false,"E":1593045319222,"l":3268722,"M":true,"q":"35.00000000","s":"ONGBTC","a":2471835,"T":1593045319219,"e":"aggTrade","p":"0.00001961","f":3268722},{"m":false,"E":1593045319222,"l":3268723,"M":true,"q":"100.00000000","s":"ONGBTC","a":2471836,"T":1593045319219,"e":"aggTrade","p":"0.00001962","f":3268723},{"m":true,"E":1593045319228,"l":3268724,"M":true,"q":"823.00000000","s":"ONGBTC","a":2471837,"T":1593045319226,"e":"aggTrade","p":"0.00001962","f":3268724},{"m":true,"E":1593045319233,"l":3268725,"M":true,"q":"70.00000000","s":"ONGBTC","a":2471838,"T":1593045319228,"e":"aggTrade","p":"0.00001962","f":3268725},{"m":true,"E":1593045319234,"l":3268726,"M":true,"q":"823.00000000","s":"ONGBTC","a":2471839,"T":1593045319228,"e":"aggTrade","p":"0.00001962","f":3268726},{"m":true,"E":1593045319282,"l":3268727,"M":true,"q":"1077.00000000","s":"ONGBTC","a":2471840,"T":1593045319281,"e":"aggTrade","p":"0.00001962","f":3268727},{"m":true,"E":1593045319285,"l":3268728,"M":true,"q":"139.00000000","s":"ONGBTC","a":2471841,"T":1593045319283,"e":"aggTrade","p":"0.00001962","f":3268728},{"m":true,"E":1593045319291,"l":3268729,"M":true,"q":"2747.00000000","s":"ONGBTC","a":2471842,"T":1593045319290,"e":"aggTrade","p":"0.00001962","f":3268729},{"m":true,"E":1593045319294,"l":3268730,"M":true,"q":"2993.00000000","s":"ONGBTC","a":2471843,"T":1593045319293,"e":"aggTrade","p":"0.00001962","f":3268730},{"m":true,"E":1593045319341,"l":3268731,"M":true,"q":"800.00000000","s":"ONGBTC","a":2471844,"T":1593045319339,"e":"aggTrade","p":"0.00001962","f":3268731},{"m":true,"E":1593045319393,"l":3268732,"M":true,"q":"1931.00000000","s":"ONGBTC","a":2471845,"T":1593045319391,"e":"aggTrade","p":"0.00001962","f":3268732},{"m":true,"E":1593045320393,"l":3268733,"M":true,"q":"340.00000000","s":"ONGBTC","a":2471846,"T":1593045320391,"e":"aggTrade","p":"0.00001955","f":3268733},{"m":false,"E":1593045320612,"l":3268734,"M":true,"q":"26.00000000","s":"ONGBTC","a":2471847,"T":1593045320611,"e":"aggTrade","p":"0.00001964","f":3268734},{"m":true,"E":1593045321357,"l":3268735,"M":true,"q":"194.00000000","s":"ONGBTC","a":2471848,"T":1593045321356,"e":"aggTrade","p":"0.00001955","f":3268735},{"m":true,"E":1593045321686,"l":3268736,"M":true,"q":"206.00000000","s":"ONGBTC","a":2471849,"T":1593045321685,"e":"aggTrade","p":"0.00001955","f":3268736},{"m":true,"E":1593045321764,"l":3268737,"M":true,"q":"124.00000000","s":"ONGBTC","a":2471850,"T":1593045321763,"e":"aggTrade","p":"0.00001955","f":3268737},{"m":true,"E":1593045321779,"l":3268738,"M":true,"q":"379.00000000","s":"ONGBTC","a":2471851,"T":1593045321777,"e":"aggTrade","p":"0.00001955","f":3268738},{"m":true,"E":1593045322118,"l":3268739,"M":true,"q":"662.00000000","s":"ONGBTC","a":2471852,"T":1593045322117,"e":"aggTrade","p":"0.00001955","f":3268739},{"m":true,"E":1593045322170,"l":3268740,"M":true,"q":"719.00000000","s":"ONGBTC","a":2471853,"T":1593045322169,"e":"aggTrade","p":"0.00001955","f":3268740},{"m":true,"E":1593045322279,"l":3268741,"M":true,"q":"188.00000000","s":"ONGBTC","a":2471854,"T":1593045322277,"e":"aggTrade","p":"0.00001964","f":3268741},{"m":true,"E":1593045322297,"l":3268743,"M":true,"q":"342.00000000","s":"ONGBTC","a":2471855,"T":1593045322296,"e":"aggTrade","p":"0.00001955","f":3268742},{"m":false,"E":1593045322943,"l":3268744,"M":true,"q":"11.00000000","s":"ONGBTC","a":2471856,"T":1593045322942,"e":"aggTrade","p":"0.00001962","f":3268744},{"m":false,"E":1593045323009,"l":3268745,"M":true,"q":"11.00000000","s":"ONGBTC","a":2471857,"T":1593045323008,"e":"aggTrade","p":"0.00001962","f":3268745},{"m":true,"E":1593045323495,"l":3268746,"M":true,"q":"27.00000000","s":"ONGBTC","a":2471858,"T":1593045323493,"e":"aggTrade","p":"0.00001955","f":3268746},{"m":true,"E":1593045323495,"l":3268747,"M":true,"q":"35.00000000","s":"ONGBTC","a":2471859,"T":1593045323493,"e":"aggTrade","p":"0.00001949","f":3268747},{"m":true,"E":1593045323495,"l":3268748,"M":true,"q":"252.00000000","s":"ONGBTC","a":2471860,"T":1593045323493,"e":"aggTrade","p":"0.00001946","f":3268748},{"m":true,"E":1593045325186,"l":3268749,"M":true,"q":"341.00000000","s":"ONGBTC","a":2471861,"T":1593045325181,"e":"aggTrade","p":"0.00001948","f":3268749},{"m":true,"E":1593045325186,"l":3268751,"M":true,"q":"1367.00000000","s":"ONGBTC","a":2471862,"T":1593045325181,"e":"aggTrade","p":"0.00001947","f":3268750},{"m":true,"E":1593045325186,"l":3268752,"M":true,"q":"6.00000000","s":"ONGBTC","a":2471863,"T":1593045325181,"e":"aggTrade","p":"0.00001946","f":3268752},{"m":true,"E":1593045325186,"l":3268753,"M":true,"q":"13.00000000","s":"ONGBTC","a":2471864,"T":1593045325181,"e":"aggTrade","p":"0.00001944","f":3268753},{"m":true,"E":1593045325186,"l":3268755,"M":true,"q":"48.00000000","s":"ONGBTC","a":2471865,"T":1593045325181,"e":"aggTrade","p":"0.00001943","f":3268754},{"m":true,"E":1593045325186,"l":3268757,"M":true,"q":"447.00000000","s":"ONGBTC","a":2471866,"T":1593045325181,"e":"aggTrade","p":"0.00001942","f":3268756},{"m":true,"E":1593045325186,"l":3268758,"M":true,"q":"11.00000000","s":"ONGBTC","a":2471867,"T":1593045325181,"e":"aggTrade","p":"0.00001941","f":3268758},{"m":true,"E":1593045325186,"l":3268759,"M":true,"q":"4756.00000000","s":"ONGBTC","a":2471868,"T":1593045325181,"e":"aggTrade","p":"0.00001940","f":3268759},{"m":true,"E":1593045325375,"l":3268760,"M":true,"q":"53.00000000","s":"ONGBTC","a":2471869,"T":1593045325374,"e":"aggTrade","p":"0.00001940","f":3268760},{"m":true,"E":1593045325384,"l":3268761,"M":true,"q":"194.00000000","s":"ONGBTC","a":2471870,"T":1593045325383,"e":"aggTrade","p":"0.00001940","f":3268761},{"m":true,"E":1593045325395,"l":3268762,"M":true,"q":"9.00000000","s":"ONGBTC","a":2471871,"T":1593045325394,"e":"aggTrade","p":"0.00001940","f":3268762},{"m":true,"E":1593045325432,"l":3268764,"M":true,"q":"331.00000000","s":"ONGBTC","a":2471872,"T":1593045325430,"e":"aggTrade","p":"0.00001940","f":3268763},{"m":true,"E":1593045325435,"l":3268765,"M":true,"q":"341.00000000","s":"ONGBTC","a":2471873,"T":1593045325434,"e":"aggTrade","p":"0.00001940","f":3268765},{"m":false,"E":1593045326189,"l":3268766,"M":true,"q":"232.00000000","s":"ONGBTC","a":2471874,"T":1593045326188,"e":"aggTrade","p":"0.00001940","f":3268766},{"m":true,"E":1593045327489,"l":3268767,"M":true,"q":"8.00000000","s":"ONGBTC","a":2471875,"T":1593045327488,"e":"aggTrade","p":"0.00001941","f":3268767},{"m":false,"E":1593045328105,"l":3268768,"M":true,"q":"1070.00000000","s":"ONGBTC","a":2471876,"T":1593045328101,"e":"aggTrade","p":"0.00001948","f":3268768},{"m":false,"E":1593045328105,"l":3268769,"M":true,"q":"35.00000000","s":"ONGBTC","a":2471877,"T":1593045328101,"e":"aggTrade","p":"0.00001949","f":3268769},{"m":false,"E":1593045328105,"l":3268770,"M":true,"q":"341.00000000","s":"ONGBTC","a":2471878,"T":1593045328101,"e":"aggTrade","p":"0.00001952","f":3268770},{"m":false,"E":1593045328105,"l":3268771,"M":true,"q":"297.00000000","s":"ONGBTC","a":2471879,"T":1593045328101,"e":"aggTrade","p":"0.00001953","f":3268771},{"m":false,"E":1593045328105,"l":3268773,"M":true,"q":"46.00000000","s":"ONGBTC","a":2471880,"T":1593045328101,"e":"aggTrade","p":"0.00001955","f":3268772},{"m":false,"E":1593045328105,"l":3268774,"M":true,"q":"21.00000000","s":"ONGBTC","a":2471881,"T":1593045328101,"e":"aggTrade","p":"0.00001957","f":3268774},{"m":false,"E":1593045328105,"l":3268775,"M":true,"q":"1229.00000000","s":"ONGBTC","a":2471882,"T":1593045328101,"e":"aggTrade","p":"0.00001960","f":3268775},{"m":false,"E":1593045328105,"l":3268778,"M":true,"q":"1135.00000000","s":"ONGBTC","a":2471883,"T":1593045328101,"e":"aggTrade","p":"0.00001961","f":3268776},{"m":false,"E":1593045328105,"l":3268779,"M":true,"q":"1781.00000000","s":"ONGBTC","a":2471884,"T":1593045328101,"e":"aggTrade","p":"0.00001963","f":3268779},{"m":false,"E":1593045328105,"l":3268781,"M":true,"q":"3508.00000000","s":"ONGBTC","a":2471885,"T":1593045328101,"e":"aggTrade","p":"0.00001964","f":3268780},{"m":false,"E":1593045328105,"l":3268782,"M":true,"q":"1626.00000000","s":"ONGBTC","a":2471886,"T":1593045328101,"e":"aggTrade","p":"0.00001965","f":3268782},{"m":true,"E":1593045328114,"l":3268783,"M":true,"q":"538.00000000","s":"ONGBTC","a":2471887,"T":1593045328111,"e":"aggTrade","p":"0.00001966","f":3268783},{"m":true,"E":1593045328114,"l":3268784,"M":true,"q":"10942.00000000","s":"ONGBTC","a":2471888,"T":1593045328111,"e":"aggTrade","p":"0.00001966","f":3268784},{"m":true,"E":1593045329217,"l":3268785,"M":true,"q":"668.00000000","s":"ONGBTC","a":2471889,"T":1593045329216,"e":"aggTrade","p":"0.00001943","f":3268785},{"m":true,"E":1593045329475,"l":3268786,"M":true,"q":"194.00000000","s":"ONGBTC","a":2471890,"T":1593045329474,"e":"aggTrade","p":"0.00001943","f":3268786},{"m":false,"E":1593045330474,"l":3268787,"M":true,"q":"2.00000000","s":"ONGBTC","a":2471891,"T":1593045330473,"e":"aggTrade","p":"0.00001949","f":3268787},{"m":false,"E":1593045330480,"l":3268788,"M":true,"q":"35.00000000","s":"ONGBTC","a":2471892,"T":1593045330479,"e":"aggTrade","p":"0.00001949","f":3268788},{"m":false,"E":1593045330696,"l":3268789,"M":true,"q":"35.00000000","s":"ONGBTC","a":2471893,"T":1593045330695,"e":"aggTrade","p":"0.00001949","f":3268789},{"m":false,"E":1593045331029,"l":3268791,"M":true,"q":"2085.00000000","s":"ONGBTC","a":2471894,"T":1593045331027,"e":"aggTrade","p":"0.00001949","f":3268790},{"m":true,"E":1593045332110,"l":3268792,"M":true,"q":"307.00000000","s":"ONGBTC","a":2471895,"T":1593045332108,"e":"aggTrade","p":"0.00001951","f":3268792},{"m":true,"E":1593045333525,"l":3268793,"M":true,"q":"194.00000000","s":"ONGBTC","a":2471896,"T":1593045333523,"e":"aggTrade","p":"0.00001951","f":3268793},{"m":true,"E":1593045336136,"l":3268794,"M":true,"q":"257.00000000","s":"ONGBTC","a":2471897,"T":1593045336135,"e":"aggTrade","p":"0.00001951","f":3268794},{"m":false,"E":1593045337116,"l":3268795,"M":true,"q":"35.00000000","s":"ONGBTC","a":2471898,"T":1593045337114,"e":"aggTrade","p":"0.00001955","f":3268795},{"m":false,"E":1593045337116,"l":3268796,"M":true,"q":"35.00000000","s":"ONGBTC","a":2471899,"T":1593045337114,"e":"aggTrade","p":"0.00001961","f":3268796},{"m":false,"E":1593045337116,"l":3268797,"M":true,"q":"2330.00000000","s":"ONGBTC","a":2471900,"T":1593045337114,"e":"aggTrade","p":"0.00001965","f":3268797},{"m":true,"E":1593045337209,"l":3268798,"M":true,"q":"269.00000000","s":"ONGBTC","a":2471901,"T":1593045337208,"e":"aggTrade","p":"0.00001953","f":3268798},{"m":true,"E":1593045337595,"l":3268799,"M":true,"q":"373.00000000","s":"ONGBTC","a":2471902,"T":1593045337594,"e":"aggTrade","p":"0.00001953","f":3268799},{"m":true,"E":1593045337595,"l":3268800,"M":true,"q":"17.00000000","s":"ONGBTC","a":2471903,"T":1593045337594,"e":"aggTrade","p":"0.00001952","f":3268800},{"m":true,"E":1593045337602,"l":3268801,"M":true,"q":"189.00000000","s":"ONGBTC","a":2471904,"T":1593045337601,"e":"aggTrade","p":"0.00001952","f":3268801},{"m":true,"E":1593045337718,"l":3268802,"M":true,"q":"194.00000000","s":"ONGBTC","a":2471905,"T":1593045337717,"e":"aggTrade","p":"0.00001952","f":3268802},{"m":true,"E":1593045337799,"l":3268803,"M":true,"q":"102.00000000","s":"ONGBTC","a":2471906,"T":1593045337797,"e":"aggTrade","p":"0.00001952","f":3268803},{"m":true,"E":1593045337799,"l":3268804,"M":true,"q":"271.00000000","s":"ONGBTC","a":2471907,"T":1593045337797,"e":"aggTrade","p":"0.00001951","f":3268804},{"m":false,"E":1593045337857,"l":3268805,"M":true,"q":"2.00000000","s":"ONGBTC","a":2471908,"T":1593045337855,"e":"aggTrade","p":"0.00001965","f":3268805},{"m":false,"E":1593045339199,"l":3268806,"M":true,"q":"434.00000000","s":"ONGBTC","a":2471909,"T":1593045339194,"e":"aggTrade","p":"0.00001962","f":3268806},{"m":false,"E":1593045339199,"l":3268807,"M":true,"q":"502.00000000","s":"ONGBTC","a":2471910,"T":1593045339194,"e":"aggTrade","p":"0.00001963","f":3268807},{"m":false,"E":1593045339199,"l":3268808,"M":true,"q":"271.00000000","s":"ONGBTC","a":2471911,"T":1593045339194,"e":"aggTrade","p":"0.00001964","f":3268808},{"m":false,"E":1593045339199,"l":3268809,"M":true,"q":"780.00000000","s":"ONGBTC","a":2471912,"T":1593045339194,"e":"aggTrade","p":"0.00001965","f":3268809},{"m":false,"E":1593045339199,"l":3268810,"M":true,"q":"244.00000000","s":"ONGBTC","a":2471913,"T":1593045339194,"e":"aggTrade","p":"0.00001966","f":3268810},{"m":false,"E":1593045339199,"l":3268812,"M":true,"q":"41.00000000","s":"ONGBTC","a":2471914,"T":1593045339194,"e":"aggTrade","p":"0.00001967","f":3268811},{"m":false,"E":1593045339199,"l":3268815,"M":true,"q":"1681.00000000","s":"ONGBTC","a":2471915,"T":1593045339194,"e":"aggTrade","p":"0.00001968","f":3268813},{"m":false,"E":1593045339199,"l":3268817,"M":true,"q":"20.00000000","s":"ONGBTC","a":2471916,"T":1593045339194,"e":"aggTrade","p":"0.00001969","f":3268816},{"m":false,"E":1593045339199,"l":3268819,"M":true,"q":"2439.00000000","s":"ONGBTC","a":2471917,"T":1593045339194,"e":"aggTrade","p":"0.00001971","f":3268818},{"m":false,"E":1593045339199,"l":3268821,"M":true,"q":"19374.00000000","s":"ONGBTC","a":2471918,"T":1593045339194,"e":"aggTrade","p":"0.00001972","f":3268820},{"m":false,"E":1593045339989,"l":3268822,"M":true,"q":"304.00000000","s":"ONGBTC","a":2471919,"T":1593045339987,"e":"aggTrade","p":"0.00001967","f":3268822},{"m":true,"E":1593045340145,"l":3268823,"M":true,"q":"35.00000000","s":"ONGBTC","a":2471920,"T":1593045340144,"e":"aggTrade","p":"0.00001955","f":3268823},{"m":true,"E":1593045340145,"l":3268824,"M":true,"q":"173.00000000","s":"ONGBTC","a":2471921,"T":1593045340144,"e":"aggTrade","p":"0.00001952","f":3268824},{"m":true,"E":1593045340354,"l":3268825,"M":true,"q":"1186.00000000","s":"ONGBTC","a":2471922,"T":1593045340353,"e":"aggTrade","p":"0.00001951","f":3268825},{"m":false,"E":1593045341568,"l":3268826,"M":true,"q":"6.00000000","s":"ONGBTC","a":2471923,"T":1593045341566,"e":"aggTrade","p":"0.00001958","f":3268826},{"m":true,"E":1593045341588,"l":3268827,"M":true,"q":"11.00000000","s":"ONGBTC","a":2471924,"T":1593045341586,"e":"aggTrade","p":"0.00001955","f":3268827},{"m":true,"E":1593045341588,"l":3268828,"M":true,"q":"2.00000000","s":"ONGBTC","a":2471925,"T":1593045341586,"e":"aggTrade","p":"0.00001951","f":3268828},{"m":false,"E":1593045341659,"l":3268829,"M":true,"q":"35.00000000","s":"ONGBTC","a":2471926,"T":1593045341657,"e":"aggTrade","p":"0.00001958","f":3268829},{"m":false,"E":1593045342053,"l":3268830,"M":true,"q":"8.00000000","s":"ONGBTC","a":2471927,"T":1593045342052,"e":"aggTrade","p":"0.00001958","f":3268830},{"m":true,"E":1593045342112,"l":3268831,"M":true,"q":"9.00000000","s":"ONGBTC","a":2471928,"T":1593045342111,"e":"aggTrade","p":"0.00001953","f":3268831},{"m":true,"E":1593045342112,"l":3268832,"M":true,"q":"68.00000000","s":"ONGBTC","a":2471929,"T":1593045342111,"e":"aggTrade","p":"0.00001951","f":3268832},{"m":false,"E":1593045342231,"l":3268833,"M":true,"q":"11.00000000","s":"ONGBTC","a":2471930,"T":1593045342229,"e":"aggTrade","p":"0.00001958","f":3268833},{"m":false,"E":1593045342271,"l":3268834,"M":true,"q":"13.00000000","s":"ONGBTC","a":2471931,"T":1593045342270,"e":"aggTrade","p":"0.00001952","f":3268834},{"m":true,"E":1593045343180,"l":3268835,"M":true,"q":"182.00000000","s":"ONGBTC","a":2471932,"T":1593045343179,"e":"aggTrade","p":"0.00001951","f":3268835},{"m":true,"E":1593045343671,"l":3268836,"M":true,"q":"112.00000000","s":"ONGBTC","a":2471933,"T":1593045343670,"e":"aggTrade","p":"0.00001951","f":3268836},{"m":true,"E":1593045344152,"l":3268837,"M":true,"q":"13.00000000","s":"ONGBTC","a":2471934,"T":1593045344151,"e":"aggTrade","p":"0.00001951","f":3268837},{"m":true,"E":1593045344152,"l":3268838,"M":true,"q":"654.00000000","s":"ONGBTC","a":2471935,"T":1593045344151,"e":"aggTrade","p":"0.00001950","f":3268838},{"m":true,"E":1593045347765,"l":3268839,"M":true,"q":"194.00000000","s":"ONGBTC","a":2471936,"T":1593045347764,"e":"aggTrade","p":"0.00001951","f":3268839},{"m":true,"E":1593045348229,"l":3268840,"M":true,"q":"77.00000000","s":"ONGBTC","a":2471937,"T":1593045348228,"e":"aggTrade","p":"0.00001955","f":3268840},{"m":true,"E":1593045349049,"l":3268841,"M":true,"q":"333.00000000","s":"ONGBTC","a":2471938,"T":1593045349048,"e":"aggTrade","p":"0.00001955","f":3268841},{"m":true,"E":1593045349788,"l":3268842,"M":true,"q":"4886.00000000","s":"ONGBTC","a":2471939,"T":1593045349786,"e":"aggTrade","p":"0.00001955","f":3268842},{"m":true,"E":1593045350144,"l":3268843,"M":true,"q":"664.00000000","s":"ONGBTC","a":2471940,"T":1593045350142,"e":"aggTrade","p":"0.00001955","f":3268843},{"m":true,"E":1593045351800,"l":3268844,"M":true,"q":"194.00000000","s":"ONGBTC","a":2471941,"T":1593045351799,"e":"aggTrade","p":"0.00001955","f":3268844},{"m":true,"E":1593045355582,"l":3268845,"M":true,"q":"377.00000000","s":"ONGBTC","a":2471942,"T":1593045355581,"e":"aggTrade","p":"0.00001955","f":3268845},{"m":true,"E":1593045355782,"l":3268846,"M":true,"q":"194.00000000","s":"ONGBTC","a":2471943,"T":1593045355781,"e":"aggTrade","p":"0.00001955","f":3268846},{"m":true,"E":1593045357194,"l":3268847,"M":true,"q":"664.00000000","s":"ONGBTC","a":2471944,"T":1593045357193,"e":"aggTrade","p":"0.00001955","f":3268847},{"m":false,"E":1593045357231,"l":3268848,"M":true,"q":"63.00000000","s":"ONGBTC","a":2471945,"T":1593045357230,"e":"aggTrade","p":"0.00001957","f":3268848},{"m":true,"E":1593045361853,"l":3268849,"M":true,"q":"27.00000000","s":"ONGBTC","a":2471946,"T":1593045361852,"e":"aggTrade","p":"0.00001955","f":3268849},{"m":true,"E":1593045363291,"l":3268850,"M":true,"q":"194.00000000","s":"ONGBTC","a":2471947,"T":1593045363290,"e":"aggTrade","p":"0.00001952","f":3268850},{"m":true,"E":1593045364180,"l":3268851,"M":true,"q":"666.00000000","s":"ONGBTC","a":2471948,"T":1593045364179,"e":"aggTrade","p":"0.00001952","f":3268851},{"m":true,"E":1593045365169,"l":3268852,"M":true,"q":"666.00000000","s":"ONGBTC","a":2471949,"T":1593045365168,"e":"aggTrade","p":"0.00001952","f":3268852},{"m":true,"E":1593045367496,"l":3268853,"M":true,"q":"193.00000000","s":"ONGBTC","a":2471950,"T":1593045367494,"e":"aggTrade","p":"0.00001952","f":3268853},{"m":false,"E":1593045369122,"l":3268854,"M":true,"q":"511.00000000","s":"ONGBTC","a":2471951,"T":1593045369121,"e":"aggTrade","p":"0.00001953","f":3268854},{"m":true,"E":1593045371829,"l":3268855,"M":true,"q":"193.00000000","s":"ONGBTC","a":2471952,"T":1593045371828,"e":"aggTrade","p":"0.00001951","f":3268855},{"m":true,"E":1593045373793,"l":3268856,"M":true,"q":"35.00000000","s":"ONGBTC","a":2471953,"T":1593045373792,"e":"aggTrade","p":"0.00001949","f":3268856},{"m":true,"E":1593045375996,"l":3268857,"M":true,"q":"192.00000000","s":"ONGBTC","a":2471954,"T":1593045375995,"e":"aggTrade","p":"0.00001948","f":3268857},{"m":false,"E":1593045379088,"l":3268858,"M":true,"q":"11.00000000","s":"ONGBTC","a":2471955,"T":1593045379087,"e":"aggTrade","p":"0.00001954","f":3268858},{"m":false,"E":1593045379461,"l":3268859,"M":true,"q":"6.00000000","s":"ONGBTC","a":2471956,"T":1593045379459,"e":"aggTrade","p":"0.00001954","f":3268859},{"m":true,"E":1593045380141,"l":3268860,"M":true,"q":"192.00000000","s":"ONGBTC","a":2471957,"T":1593045380140,"e":"aggTrade","p":"0.00001948","f":3268860},{"m":false,"E":1593045380409,"l":3268861,"M":true,"q":"2.00000000","s":"ONGBTC","a":2471958,"T":1593045380408,"e":"aggTrade","p":"0.00001953","f":3268861},{"m":true,"E":1593045380664,"l":3268862,"M":true,"q":"2955.00000000","s":"ONGBTC","a":2471959,"T":1593045380663,"e":"aggTrade","p":"0.00001949","f":3268862},{"m":true,"E":1593045381121,"l":3268863,"M":true,"q":"1800.00000000","s":"ONGBTC","a":2471960,"T":1593045381120,"e":"aggTrade","p":"0.00001949","f":3268863},{"m":false,"E":1593045382569,"l":3268864,"M":true,"q":"154.00000000","s":"ONGBTC","a":2471961,"T":1593045382567,"e":"aggTrade","p":"0.00001952","f":3268864},{"m":false,"E":1593045382640,"l":3268865,"M":true,"q":"52.00000000","s":"ONGBTC","a":2471962,"T":1593045382639,"e":"aggTrade","p":"0.00001952","f":3268865},{"m":false,"E":1593045385047,"l":3268866,"M":true,"q":"75.00000000","s":"ONGBTC","a":2471963,"T":1593045385046,"e":"aggTrade","p":"0.00001951","f":3268866},{"m":true,"E":1593045390545,"l":3268867,"M":true,"q":"33.00000000","s":"ONGBTC","a":2471964,"T":1593045390543,"e":"aggTrade","p":"0.00001948","f":3268867},{"m":true,"E":1593045390545,"l":3268869,"M":true,"q":"2097.00000000","s":"ONGBTC","a":2471965,"T":1593045390543,"e":"aggTrade","p":"0.00001946","f":3268868},{"m":true,"E":1593045395849,"l":3268870,"M":true,"q":"35.00000000","s":"ONGBTC","a":2471966,"T":1593045395847,"e":"aggTrade","p":"0.00001943","f":3268870},{"m":true,"E":1593045395863,"l":3268871,"M":true,"q":"21.00000000","s":"ONGBTC","a":2471967,"T":1593045395861,"e":"aggTrade","p":"0.00001942","f":3268871},{"m":true,"E":1593045395863,"l":3268872,"M":true,"q":"11.00000000","s":"ONGBTC","a":2471968,"T":1593045395861,"e":"aggTrade","p":"0.00001941","f":3268872},{"m":true,"E":1593045396473,"l":3268873,"M":true,"q":"13.00000000","s":"ONGBTC","a":2471969,"T":1593045396472,"e":"aggTrade","p":"0.00001939","f":3268873},{"m":true,"E":1593045396475,"l":3268874,"M":true,"q":"58.00000000","s":"ONGBTC","a":2471970,"T":1593045396474,"e":"aggTrade","p":"0.00001938","f":3268874},{"m":true,"E":1593045397410,"l":3268875,"M":true,"q":"42.00000000","s":"ONGBTC","a":2471971,"T":1593045397408,"e":"aggTrade","p":"0.00001938","f":3268875},{"m":true,"E":1593045397651,"l":3268876,"M":true,"q":"505.00000000","s":"ONGBTC","a":2471972,"T":1593045397650,"e":"aggTrade","p":"0.00001938","f":3268876},{"m":true,"E":1593045397651,"l":3268878,"M":true,"q":"44.00000000","s":"ONGBTC","a":2471973,"T":1593045397650,"e":"aggTrade","p":"0.00001937","f":3268877},{"m":false,"E":1593045398132,"l":3268879,"M":true,"q":"190.00000000","s":"ONGBTC","a":2471974,"T":1593045398131,"e":"aggTrade","p":"0.00001936","f":3268879},{"m":true,"E":1593045399163,"l":3268882,"M":true,"q":"31.00000000","s":"ONGBTC","a":2471975,"T":1593045399161,"e":"aggTrade","p":"0.00001935","f":3268880},{"m":true,"E":1593045399163,"l":3268883,"M":true,"q":"35.00000000","s":"ONGBTC","a":2471976,"T":1593045399161,"e":"aggTrade","p":"0.00001931","f":3268883},{"m":true,"E":1593045399163,"l":3268884,"M":true,"q":"555.00000000","s":"ONGBTC","a":2471977,"T":1593045399161,"e":"aggTrade","p":"0.00001930","f":3268884},{"m":true,"E":1593045399165,"l":3268885,"M":true,"q":"4.00000000","s":"ONGBTC","a":2471978,"T":1593045399161,"e":"aggTrade","p":"0.00001930","f":3268885},{"m":true,"E":1593045399165,"l":3268891,"M":true,"q":"52.00000000","s":"ONGBTC","a":2471979,"T":1593045399161,"e":"aggTrade","p":"0.00001927","f":3268886},{"m":true,"E":1593045399165,"l":3268894,"M":true,"q":"215.00000000","s":"ONGBTC","a":2471980,"T":1593045399161,"e":"aggTrade","p":"0.00001925","f":3268892},{"m":true,"E":1593045399165,"l":3268895,"M":true,"q":"271.00000000","s":"ONGBTC","a":2471981,"T":1593045399161,"e":"aggTrade","p":"0.00001925","f":3268895},{"m":true,"E":1593045399279,"l":3268896,"M":true,"q":"532.00000000","s":"ONGBTC","a":2471982,"T":1593045399278,"e":"aggTrade","p":"0.00001926","f":3268896},{"m":true,"E":1593045399304,"l":3268897,"M":true,"q":"17.00000000","s":"ONGBTC","a":2471983,"T":1593045399303,"e":"aggTrade","p":"0.00001926","f":3268897}],[{"m":false,"E":1593045930118,"l":3269404,"M":true,"q":"6.00000000","s":"ONGBTC","a":2472246,"T":1593045930117,"e":"aggTrade","p":"0.00001921","f":3269404},{"m":false,"E":1593045936679,"l":3269405,"M":true,"q":"2.00000000","s":"ONGBTC","a":2472247,"T":1593045936185,"e":"aggTrade","p":"0.00001922","f":3269405},{"m":false,"E":1593045937197,"l":3269406,"M":true,"q":"568.00000000","s":"ONGBTC","a":2472248,"T":1593045936690,"e":"aggTrade","p":"0.00001922","f":3269406},{"m":false,"E":1593045937858,"l":3269407,"M":true,"q":"606.00000000","s":"ONGBTC","a":2472249,"T":1593045937310,"e":"aggTrade","p":"0.00001922","f":3269407},{"m":true,"E":1593045944031,"l":3269408,"M":true,"q":"1284.00000000","s":"ONGBTC","a":2472250,"T":1593045943912,"e":"aggTrade","p":"0.00001919","f":3269408},{"m":true,"E":1593045944031,"l":3269409,"M":true,"q":"1645.00000000","s":"ONGBTC","a":2472251,"T":1593045943912,"e":"aggTrade","p":"0.00001917","f":3269409},{"m":true,"E":1593045944031,"l":3269421,"M":true,"q":"1288.00000000","s":"ONGBTC","a":2472252,"T":1593045943912,"e":"aggTrade","p":"0.00001915","f":3269410},{"m":true,"E":1593045944031,"l":3269422,"M":true,"q":"36.00000000","s":"ONGBTC","a":2472253,"T":1593045943912,"e":"aggTrade","p":"0.00001913","f":3269422},{"m":false,"E":1593045944118,"l":3269423,"M":true,"q":"22215.00000000","s":"ONGBTC","a":2472254,"T":1593045944035,"e":"aggTrade","p":"0.00001913","f":3269423},{"m":false,"E":1593045945590,"l":3269424,"M":true,"q":"1271.00000000","s":"ONGBTC","a":2472255,"T":1593045945586,"e":"aggTrade","p":"0.00001921","f":3269424},{"m":false,"E":1593045945852,"l":3269425,"M":true,"q":"7.00000000","s":"ONGBTC","a":2472256,"T":1593045945850,"e":"aggTrade","p":"0.00001921","f":3269425},{"m":true,"E":1593045947035,"l":3269426,"M":true,"q":"570.00000000","s":"ONGBTC","a":2472257,"T":1593045947034,"e":"aggTrade","p":"0.00001914","f":3269426},{"m":true,"E":1593045953541,"l":3269428,"M":true,"q":"28.00000000","s":"ONGBTC","a":2472258,"T":1593045953537,"e":"aggTrade","p":"0.00001911","f":3269427},{"m":true,"E":1593045953541,"l":3269429,"M":true,"q":"36.00000000","s":"ONGBTC","a":2472259,"T":1593045953537,"e":"aggTrade","p":"0.00001907","f":3269429},{"m":true,"E":1593045953541,"l":3269430,"M":true,"q":"9.00000000","s":"ONGBTC","a":2472260,"T":1593045953537,"e":"aggTrade","p":"0.00001906","f":3269430},{"m":true,"E":1593045953541,"l":3269431,"M":true,"q":"504.00000000","s":"ONGBTC","a":2472261,"T":1593045953537,"e":"aggTrade","p":"0.00001903","f":3269431},{"m":true,"E":1593045953541,"l":3269433,"M":true,"q":"116.00000000","s":"ONGBTC","a":2472262,"T":1593045953537,"e":"aggTrade","p":"0.00001902","f":3269432},{"m":true,"E":1593045953541,"l":3269437,"M":true,"q":"65.00000000","s":"ONGBTC","a":2472263,"T":1593045953537,"e":"aggTrade","p":"0.00001901","f":3269434},{"m":true,"E":1593045953541,"l":3269438,"M":true,"q":"869.00000000","s":"ONGBTC","a":2472264,"T":1593045953537,"e":"aggTrade","p":"0.00001901","f":3269438},{"m":true,"E":1593045953541,"l":3269442,"M":true,"q":"724.00000000","s":"ONGBTC","a":2472265,"T":1593045953537,"e":"aggTrade","p":"0.00001900","f":3269439},{"m":false,"E":1593045953551,"l":3269443,"M":true,"q":"11454.00000000","s":"ONGBTC","a":2472266,"T":1593045953550,"e":"aggTrade","p":"0.00001900","f":3269443},{"m":false,"E":1593045953553,"l":3269444,"M":true,"q":"6356.00000000","s":"ONGBTC","a":2472267,"T":1593045953551,"e":"aggTrade","p":"0.00001900","f":3269444},{"m":true,"E":1593045957700,"l":3269445,"M":true,"q":"1282.00000000","s":"ONGBTC","a":2472268,"T":1593045957698,"e":"aggTrade","p":"0.00001903","f":3269445},{"m":true,"E":1593045957700,"l":3269446,"M":true,"q":"1107.00000000","s":"ONGBTC","a":2472269,"T":1593045957698,"e":"aggTrade","p":"0.00001902","f":3269446},{"m":false,"E":1593045962777,"l":3269447,"M":true,"q":"68.00000000","s":"ONGBTC","a":2472270,"T":1593045962776,"e":"aggTrade","p":"0.00001901","f":3269447},{"m":true,"E":1593045965700,"l":3269448,"M":true,"q":"6.00000000","s":"ONGBTC","a":2472271,"T":1593045965699,"e":"aggTrade","p":"0.00001898","f":3269448},{"m":false,"E":1593045966277,"l":3269449,"M":true,"q":"1171.00000000","s":"ONGBTC","a":2472272,"T":1593045966275,"e":"aggTrade","p":"0.00001898","f":3269449},{"m":false,"E":1593045966278,"l":3269450,"M":true,"q":"37.00000000","s":"ONGBTC","a":2472273,"T":1593045966276,"e":"aggTrade","p":"0.00001898","f":3269450},{"m":false,"E":1593045966322,"l":3269451,"M":true,"q":"1245.00000000","s":"ONGBTC","a":2472274,"T":1593045966320,"e":"aggTrade","p":"0.00001899","f":3269451},{"m":true,"E":1593045966367,"l":3269452,"M":true,"q":"537.00000000","s":"ONGBTC","a":2472275,"T":1593045966364,"e":"aggTrade","p":"0.00001898","f":3269452},{"m":true,"E":1593045966367,"l":3269453,"M":true,"q":"21.00000000","s":"ONGBTC","a":2472276,"T":1593045966364,"e":"aggTrade","p":"0.00001896","f":3269453},{"m":false,"E":1593045967663,"l":3269454,"M":true,"q":"149.00000000","s":"ONGBTC","a":2472277,"T":1593045967661,"e":"aggTrade","p":"0.00001897","f":3269454},{"m":true,"E":1593045967808,"l":3269455,"M":true,"q":"117.00000000","s":"ONGBTC","a":2472278,"T":1593045967807,"e":"aggTrade","p":"0.00001897","f":3269455},{"m":true,"E":1593045971795,"l":3269456,"M":true,"q":"62.00000000","s":"ONGBTC","a":2472279,"T":1593045971793,"e":"aggTrade","p":"0.00001896","f":3269456},{"m":true,"E":1593045971795,"l":3269459,"M":true,"q":"89.00000000","s":"ONGBTC","a":2472280,"T":1593045971793,"e":"aggTrade","p":"0.00001895","f":3269457},{"m":true,"E":1593045971840,"l":3269460,"M":true,"q":"104.00000000","s":"ONGBTC","a":2472281,"T":1593045971839,"e":"aggTrade","p":"0.00001895","f":3269460},{"m":false,"E":1593045972983,"l":3269461,"M":true,"q":"74.00000000","s":"ONGBTC","a":2472282,"T":1593045972982,"e":"aggTrade","p":"0.00001906","f":3269461},{"m":false,"E":1593045973643,"l":3269462,"M":true,"q":"187.00000000","s":"ONGBTC","a":2472283,"T":1593045973642,"e":"aggTrade","p":"0.00001896","f":3269462},{"m":false,"E":1593045981491,"l":3269463,"M":true,"q":"7.00000000","s":"ONGBTC","a":2472284,"T":1593045981490,"e":"aggTrade","p":"0.00001901","f":3269463},{"m":false,"E":1593045985991,"l":3269464,"M":true,"q":"29.00000000","s":"ONGBTC","a":2472285,"T":1593045985988,"e":"aggTrade","p":"0.00001901","f":3269464},{"m":false,"E":1593045985991,"l":3269465,"M":true,"q":"36.00000000","s":"ONGBTC","a":2472286,"T":1593045985988,"e":"aggTrade","p":"0.00001907","f":3269465},{"m":false,"E":1593045985991,"l":3269466,"M":true,"q":"104.00000000","s":"ONGBTC","a":2472287,"T":1593045985988,"e":"aggTrade","p":"0.00001910","f":3269466},{"m":false,"E":1593045985991,"l":3269468,"M":true,"q":"525.00000000","s":"ONGBTC","a":2472288,"T":1593045985988,"e":"aggTrade","p":"0.00001911","f":3269467},{"m":false,"E":1593045985991,"l":3269470,"M":true,"q":"554.00000000","s":"ONGBTC","a":2472289,"T":1593045985988,"e":"aggTrade","p":"0.00001913","f":3269469},{"m":true,"E":1593045986002,"l":3269471,"M":true,"q":"229.00000000","s":"ONGBTC","a":2472290,"T":1593045986000,"e":"aggTrade","p":"0.00001913","f":3269471},{"m":false,"E":1593045987905,"l":3269472,"M":true,"q":"231.00000000","s":"ONGBTC","a":2472291,"T":1593045987904,"e":"aggTrade","p":"0.00001912","f":3269472},{"m":false,"E":1593046002653,"l":3269473,"M":true,"q":"959.00000000","s":"ONGBTC","a":2472292,"T":1593046002652,"e":"aggTrade","p":"0.00001909","f":3269473},{"m":true,"E":1593046005568,"l":3269474,"M":true,"q":"14.00000000","s":"ONGBTC","a":2472293,"T":1593046005566,"e":"aggTrade","p":"0.00001907","f":3269474},{"m":false,"E":1593046026662,"l":3269475,"M":true,"q":"1284.00000000","s":"ONGBTC","a":2472294,"T":1593046026648,"e":"aggTrade","p":"0.00001910","f":3269475},{"m":false,"E":1593046026662,"l":3269476,"M":true,"q":"1108.00000000","s":"ONGBTC","a":2472295,"T":1593046026648,"e":"aggTrade","p":"0.00001911","f":3269476},{"m":false,"E":1593046026662,"l":3269477,"M":true,"q":"869.00000000","s":"ONGBTC","a":2472296,"T":1593046026648,"e":"aggTrade","p":"0.00001912","f":3269477},{"m":false,"E":1593046026662,"l":3269478,"M":true,"q":"11.00000000","s":"ONGBTC","a":2472297,"T":1593046026648,"e":"aggTrade","p":"0.00001914","f":3269478},{"m":false,"E":1593046026662,"l":3269479,"M":true,"q":"104.00000000","s":"ONGBTC","a":2472298,"T":1593046026648,"e":"aggTrade","p":"0.00001915","f":3269479},{"m":false,"E":1593046026662,"l":3269482,"M":true,"q":"8327.00000000","s":"ONGBTC","a":2472299,"T":1593046026648,"e":"aggTrade","p":"0.00001917","f":3269480},{"m":false,"E":1593046026662,"l":3269484,"M":true,"q":"23679.00000000","s":"ONGBTC","a":2472300,"T":1593046026648,"e":"aggTrade","p":"0.00001918","f":3269483},{"m":false,"E":1593046026662,"l":3269485,"M":true,"q":"36.00000000","s":"ONGBTC","a":2472301,"T":1593046026648,"e":"aggTrade","p":"0.00001919","f":3269485},{"m":false,"E":1593046026662,"l":3269486,"M":true,"q":"9.00000000","s":"ONGBTC","a":2472302,"T":1593046026648,"e":"aggTrade","p":"0.00001921","f":3269486},{"m":false,"E":1593046026662,"l":3269487,"M":true,"q":"7.00000000","s":"ONGBTC","a":2472303,"T":1593046026648,"e":"aggTrade","p":"0.00001922","f":3269487},{"m":false,"E":1593046026662,"l":3269498,"M":true,"q":"265.00000000","s":"ONGBTC","a":2472304,"T":1593046026648,"e":"aggTrade","p":"0.00001924","f":3269488},{"m":false,"E":1593046026662,"l":3269501,"M":true,"q":"933.00000000","s":"ONGBTC","a":2472305,"T":1593046026648,"e":"aggTrade","p":"0.00001925","f":3269499},{"m":false,"E":1593046026662,"l":3269502,"M":true,"q":"100.00000000","s":"ONGBTC","a":2472306,"T":1593046026648,"e":"aggTrade","p":"0.00001926","f":3269502},{"m":false,"E":1593046026662,"l":3269504,"M":true,"q":"32.00000000","s":"ONGBTC","a":2472307,"T":1593046026648,"e":"aggTrade","p":"0.00001927","f":3269503},{"m":false,"E":1593046026662,"l":3269506,"M":true,"q":"94.00000000","s":"ONGBTC","a":2472308,"T":1593046026648,"e":"aggTrade","p":"0.00001931","f":3269505},{"m":false,"E":1593046026662,"l":3269508,"M":true,"q":"28.00000000","s":"ONGBTC","a":2472309,"T":1593046026648,"e":"aggTrade","p":"0.00001935","f":3269507},{"m":false,"E":1593046026662,"l":3269510,"M":true,"q":"44.00000000","s":"ONGBTC","a":2472310,"T":1593046026648,"e":"aggTrade","p":"0.00001937","f":3269509},{"m":false,"E":1593046026662,"l":3269511,"M":true,"q":"550.00000000","s":"ONGBTC","a":2472311,"T":1593046026648,"e":"aggTrade","p":"0.00001940","f":3269511},{"m":false,"E":1593046026662,"l":3269513,"M":true,"q":"18.00000000","s":"ONGBTC","a":2472312,"T":1593046026648,"e":"aggTrade","p":"0.00001941","f":3269512},{"m":false,"E":1593046026662,"l":3269514,"M":true,"q":"21.00000000","s":"ONGBTC","a":2472313,"T":1593046026648,"e":"aggTrade","p":"0.00001942","f":3269514},{"m":false,"E":1593046026662,"l":3269526,"M":true,"q":"265.00000000","s":"ONGBTC","a":2472314,"T":1593046026648,"e":"aggTrade","p":"0.00001943","f":3269515},{"m":false,"E":1593046026662,"l":3269529,"M":true,"q":"1097.00000000","s":"ONGBTC","a":2472315,"T":1593046026648,"e":"aggTrade","p":"0.00001944","f":3269527},{"m":false,"E":1593046026662,"l":3269538,"M":true,"q":"80.00000000","s":"ONGBTC","a":2472316,"T":1593046026648,"e":"aggTrade","p":"0.00001945","f":3269530},{"m":false,"E":1593046026662,"l":3269539,"M":true,"q":"12.00000000","s":"ONGBTC","a":2472317,"T":1593046026648,"e":"aggTrade","p":"0.00001948","f":3269539},{"m":false,"E":1593046026662,"l":3269541,"M":true,"q":"360.00000000","s":"ONGBTC","a":2472318,"T":1593046026648,"e":"aggTrade","p":"0.00001949","f":3269540},{"m":false,"E":1593046026711,"l":3269542,"M":true,"q":"550.00000000","s":"ONGBTC","a":2472319,"T":1593046026709,"e":"aggTrade","p":"0.00001936","f":3269542},{"m":true,"E":1593046027120,"l":3269562,"M":true,"q":"676.00000000","s":"ONGBTC","a":2472320,"T":1593046027116,"e":"aggTrade","p":"0.00001919","f":3269543},{"m":true,"E":1593046027120,"l":3269563,"M":true,"q":"2.00000000","s":"ONGBTC","a":2472321,"T":1593046027116,"e":"aggTrade","p":"0.00001915","f":3269563},{"m":true,"E":1593046027374,"l":3269564,"M":true,"q":"62.00000000","s":"ONGBTC","a":2472322,"T":1593046027373,"e":"aggTrade","p":"0.00001915","f":3269564}],[{"m":true,"E":1593047193655,"l":3270007,"M":true,"q":"13.00000000","s":"ONGBTC","a":2472658,"T":1593047193654,"e":"aggTrade","p":"0.00001944","f":3270007},{"m":false,"E":1593047209931,"l":3270008,"M":true,"q":"3171.00000000","s":"ONGBTC","a":2472659,"T":1593047209929,"e":"aggTrade","p":"0.00001944","f":3270008},{"m":true,"E":1593047213919,"l":3270009,"M":true,"q":"35.00000000","s":"ONGBTC","a":2472660,"T":1593047213918,"e":"aggTrade","p":"0.00001943","f":3270009},{"m":true,"E":1593047213919,"l":3270010,"M":true,"q":"1086.00000000","s":"ONGBTC","a":2472661,"T":1593047213918,"e":"aggTrade","p":"0.00001942","f":3270010},{"m":false,"E":1593047221126,"l":3270012,"M":true,"q":"1319.00000000","s":"ONGBTC","a":2472662,"T":1593047221124,"e":"aggTrade","p":"0.00001949","f":3270011},{"m":false,"E":1593047221126,"l":3270013,"M":true,"q":"5426.00000000","s":"ONGBTC","a":2472663,"T":1593047221124,"e":"aggTrade","p":"0.00001950","f":3270013},{"m":false,"E":1593047224506,"l":3270014,"M":true,"q":"6.00000000","s":"ONGBTC","a":2472664,"T":1593047224505,"e":"aggTrade","p":"0.00001951","f":3270014},{"m":true,"E":1593047224529,"l":3270015,"M":true,"q":"1077.00000000","s":"ONGBTC","a":2472665,"T":1593047224527,"e":"aggTrade","p":"0.00001951","f":3270015},{"m":false,"E":1593047233722,"l":3270016,"M":true,"q":"2.00000000","s":"ONGBTC","a":2472666,"T":1593047233721,"e":"aggTrade","p":"0.00001952","f":3270016},{"m":false,"E":1593047241451,"l":3270022,"M":true,"q":"52.00000000","s":"ONGBTC","a":2472667,"T":1593047241448,"e":"aggTrade","p":"0.00001952","f":3270017},{"m":false,"E":1593047244661,"l":3270024,"M":true,"q":"6.00000000","s":"ONGBTC","a":2472668,"T":1593047244659,"e":"aggTrade","p":"0.00001952","f":3270023},{"m":true,"E":1593047244730,"l":3270025,"M":true,"q":"11.00000000","s":"ONGBTC","a":2472669,"T":1593047244728,"e":"aggTrade","p":"0.00001952","f":3270025},{"m":false,"E":1593047247218,"l":3270026,"M":true,"q":"9.00000000","s":"ONGBTC","a":2472670,"T":1593047247217,"e":"aggTrade","p":"0.00001953","f":3270026},{"m":true,"E":1593047249277,"l":3270027,"M":true,"q":"2.00000000","s":"ONGBTC","a":2472671,"T":1593047249275,"e":"aggTrade","p":"0.00001953","f":3270027},{"m":true,"E":1593047252070,"l":3270028,"M":true,"q":"6.00000000","s":"ONGBTC","a":2472672,"T":1593047252069,"e":"aggTrade","p":"0.00001952","f":3270028},{"m":false,"E":1593047255439,"l":3270029,"M":true,"q":"11.00000000","s":"ONGBTC","a":2472673,"T":1593047255438,"e":"aggTrade","p":"0.00001955","f":3270029},{"m":false,"E":1593047255758,"l":3270030,"M":true,"q":"6.00000000","s":"ONGBTC","a":2472674,"T":1593047255757,"e":"aggTrade","p":"0.00001955","f":3270030},{"m":false,"E":1593047258443,"l":3270032,"M":true,"q":"50.00000000","s":"ONGBTC","a":2472675,"T":1593047258441,"e":"aggTrade","p":"0.00001955","f":3270031},{"m":true,"E":1593047275694,"l":3270033,"M":true,"q":"5.00000000","s":"ONGBTC","a":2472676,"T":1593047275693,"e":"aggTrade","p":"0.00001952","f":3270033},{"m":true,"E":1593047275694,"l":3270034,"M":true,"q":"35.00000000","s":"ONGBTC","a":2472677,"T":1593047275693,"e":"aggTrade","p":"0.00001949","f":3270034},{"m":true,"E":1593047275694,"l":3270035,"M":true,"q":"29.00000000","s":"ONGBTC","a":2472678,"T":1593047275693,"e":"aggTrade","p":"0.00001943","f":3270035},{"m":false,"E":1593047303843,"l":3270037,"M":true,"q":"49.00000000","s":"ONGBTC","a":2472679,"T":1593047303841,"e":"aggTrade","p":"0.00001955","f":3270036}],[{"m":false,"E":1593056086133,"l":3271754,"M":true,"q":"17.00000000","s":"ONGBTC","a":2473677,"T":1593056086131,"e":"aggTrade","p":"0.00001855","f":3271753},{"m":false,"E":1593056086133,"l":3271756,"M":true,"q":"17.00000000","s":"ONGBTC","a":2473678,"T":1593056086131,"e":"aggTrade","p":"0.00001856","f":3271755},{"m":false,"E":1593056086133,"l":3271758,"M":true,"q":"17.00000000","s":"ONGBTC","a":2473679,"T":1593056086131,"e":"aggTrade","p":"0.00001857","f":3271757},{"m":true,"E":1593056086140,"l":3271759,"M":true,"q":"149.00000000","s":"ONGBTC","a":2473680,"T":1593056086139,"e":"aggTrade","p":"0.00001857","f":3271759},{"m":true,"E":1593056097094,"l":3271761,"M":true,"q":"17.00000000","s":"ONGBTC","a":2473681,"T":1593056097080,"e":"aggTrade","p":"0.00001851","f":3271760},{"m":true,"E":1593056097094,"l":3271763,"M":true,"q":"17.00000000","s":"ONGBTC","a":2473682,"T":1593056097080,"e":"aggTrade","p":"0.00001850","f":3271762},{"m":true,"E":1593056097094,"l":3271765,"M":true,"q":"17.00000000","s":"ONGBTC","a":2473683,"T":1593056097080,"e":"aggTrade","p":"0.00001849","f":3271764},{"m":true,"E":1593056097094,"l":3271767,"M":true,"q":"17.00000000","s":"ONGBTC","a":2473684,"T":1593056097080,"e":"aggTrade","p":"0.00001848","f":3271766},{"m":true,"E":1593056097094,"l":3271770,"M":true,"q":"54.00000000","s":"ONGBTC","a":2473685,"T":1593056097080,"e":"aggTrade","p":"0.00001847","f":3271768},{"m":true,"E":1593056097094,"l":3271772,"M":true,"q":"17.00000000","s":"ONGBTC","a":2473686,"T":1593056097080,"e":"aggTrade","p":"0.00001846","f":3271771},{"m":true,"E":1593056097094,"l":3271774,"M":true,"q":"17.00000000","s":"ONGBTC","a":2473687,"T":1593056097080,"e":"aggTrade","p":"0.00001845","f":3271773},{"m":true,"E":1593056097094,"l":3271776,"M":true,"q":"17.00000000","s":"ONGBTC","a":2473688,"T":1593056097080,"e":"aggTrade","p":"0.00001844","f":3271775},{"m":true,"E":1593056097094,"l":3271779,"M":true,"q":"49.00000000","s":"ONGBTC","a":2473689,"T":1593056097080,"e":"aggTrade","p":"0.00001843","f":3271777},{"m":true,"E":1593056097094,"l":3271781,"M":true,"q":"17.00000000","s":"ONGBTC","a":2473690,"T":1593056097080,"e":"aggTrade","p":"0.00001842","f":3271780},{"m":true,"E":1593056097094,"l":3271787,"M":true,"q":"717.00000000","s":"ONGBTC","a":2473691,"T":1593056097080,"e":"aggTrade","p":"0.00001841","f":3271782},{"m":true,"E":1593056097094,"l":3271791,"M":true,"q":"1987.00000000","s":"ONGBTC","a":2473692,"T":1593056097080,"e":"aggTrade","p":"0.00001840","f":3271788},{"m":true,"E":1593056097094,"l":3271795,"M":true,"q":"134.00000000","s":"ONGBTC","a":2473693,"T":1593056097080,"e":"aggTrade","p":"0.00001839","f":3271792},{"m":true,"E":1593056097094,"l":3271800,"M":true,"q":"117.00000000","s":"ONGBTC","a":2473694,"T":1593056097080,"e":"aggTrade","p":"0.00001838","f":3271796},{"m":true,"E":1593056097094,"l":3271806,"M":true,"q":"119.00000000","s":"ONGBTC","a":2473695,"T":1593056097080,"e":"aggTrade","p":"0.00001837","f":3271801},{"m":true,"E":1593056097094,"l":3271813,"M":true,"q":"2100.00000000","s":"ONGBTC","a":2473696,"T":1593056097080,"e":"aggTrade","p":"0.00001836","f":3271807},{"m":true,"E":1593056097094,"l":3271818,"M":true,"q":"182.00000000","s":"ONGBTC","a":2473697,"T":1593056097080,"e":"aggTrade","p":"0.00001835","f":3271814},{"m":true,"E":1593056097094,"l":3271821,"M":true,"q":"70.00000000","s":"ONGBTC","a":2473698,"T":1593056097080,"e":"aggTrade","p":"0.00001834","f":3271819},{"m":true,"E":1593056097099,"l":3271822,"M":true,"q":"405.00000000","s":"ONGBTC","a":2473699,"T":1593056097082,"e":"aggTrade","p":"0.00001834","f":3271822},{"m":true,"E":1593056097114,"l":3271824,"M":true,"q":"7435.00000000","s":"ONGBTC","a":2473700,"T":1593056097086,"e":"aggTrade","p":"0.00001834","f":3271823},{"m":false,"E":1593056098130,"l":3271825,"M":true,"q":"135.00000000","s":"ONGBTC","a":2473701,"T":1593056098128,"e":"aggTrade","p":"0.00001845","f":3271825},{"m":true,"E":1593056101133,"l":3271826,"M":true,"q":"21.00000000","s":"ONGBTC","a":2473702,"T":1593056101110,"e":"aggTrade","p":"0.00001836","f":3271826},{"m":false,"E":1593056102265,"l":3271828,"M":true,"q":"17.00000000","s":"ONGBTC","a":2473703,"T":1593056102184,"e":"aggTrade","p":"0.00001840","f":3271827},{"m":false,"E":1593056102265,"l":3271831,"M":true,"q":"54.00000000","s":"ONGBTC","a":2473704,"T":1593056102184,"e":"aggTrade","p":"0.00001841","f":3271829},{"m":false,"E":1593056105606,"l":3271833,"M":true,"q":"17.00000000","s":"ONGBTC","a":2473705,"T":1593056105131,"e":"aggTrade","p":"0.00001842","f":3271832},{"m":false,"E":1593056105606,"l":3271835,"M":true,"q":"17.00000000","s":"ONGBTC","a":2473706,"T":1593056105131,"e":"aggTrade","p":"0.00001843","f":3271834},{"m":false,"E":1593056108176,"l":3271837,"M":true,"q":"17.00000000","s":"ONGBTC","a":2473707,"T":1593056108145,"e":"aggTrade","p":"0.00001844","f":3271836},{"m":false,"E":1593056108176,"l":3271839,"M":true,"q":"17.00000000","s":"ONGBTC","a":2473708,"T":1593056108145,"e":"aggTrade","p":"0.00001845","f":3271838},{"m":true,"E":1593056125270,"l":3271840,"M":true,"q":"17.00000000","s":"ONGBTC","a":2473709,"T":1593056125264,"e":"aggTrade","p":"0.00001845","f":3271840},{"m":true,"E":1593056125270,"l":3271841,"M":true,"q":"17.00000000","s":"ONGBTC","a":2473710,"T":1593056125264,"e":"aggTrade","p":"0.00001843","f":3271841},{"m":true,"E":1593056125270,"l":3271842,"M":true,"q":"10.00000000","s":"ONGBTC","a":2473711,"T":1593056125264,"e":"aggTrade","p":"0.00001841","f":3271842},{"m":true,"E":1593056125270,"l":3271845,"M":true,"q":"23017.00000000","s":"ONGBTC","a":2473712,"T":1593056125264,"e":"aggTrade","p":"0.00001839","f":3271843},{"m":true,"E":1593056125270,"l":3271847,"M":true,"q":"17.00000000","s":"ONGBTC","a":2473713,"T":1593056125264,"e":"aggTrade","p":"0.00001838","f":3271846},{"m":true,"E":1593056125270,"l":3271849,"M":true,"q":"17.00000000","s":"ONGBTC","a":2473714,"T":1593056125264,"e":"aggTrade","p":"0.00001837","f":3271848},{"m":true,"E":1593056125270,"l":3271851,"M":true,"q":"17.00000000","s":"ONGBTC","a":2473715,"T":1593056125264,"e":"aggTrade","p":"0.00001836","f":3271850},{"m":true,"E":1593056125270,"l":3271854,"M":true,"q":"54.00000000","s":"ONGBTC","a":2473716,"T":1593056125264,"e":"aggTrade","p":"0.00001835","f":3271852},{"m":true,"E":1593056125270,"l":3271856,"M":true,"q":"17.00000000","s":"ONGBTC","a":2473717,"T":1593056125264,"e":"aggTrade","p":"0.00001834","f":3271855},{"m":true,"E":1593056125270,"l":3271858,"M":true,"q":"17.00000000","s":"ONGBTC","a":2473718,"T":1593056125264,"e":"aggTrade","p":"0.00001833","f":3271857},{"m":true,"E":1593056125270,"l":3271861,"M":true,"q":"25.00000000","s":"ONGBTC","a":2473719,"T":1593056125264,"e":"aggTrade","p":"0.00001832","f":3271859},{"m":true,"E":1593056125270,"l":3271865,"M":true,"q":"1130.00000000","s":"ONGBTC","a":2473720,"T":1593056125264,"e":"aggTrade","p":"0.00001831","f":3271862},{"m":true,"E":1593056125270,"l":3271870,"M":true,"q":"3864.00000000","s":"ONGBTC","a":2473721,"T":1593056125264,"e":"aggTrade","p":"0.00001830","f":3271866},{"m":true,"E":1593056125270,"l":3271871,"M":true,"q":"27.00000000","s":"ONGBTC","a":2473722,"T":1593056125264,"e":"aggTrade","p":"0.00001830","f":3271871},{"m":true,"E":1593056125287,"l":3271872,"M":true,"q":"3864.00000000","s":"ONGBTC","a":2473723,"T":1593056125268,"e":"aggTrade","p":"0.00001830","f":3271872},{"m":false,"E":1593056125394,"l":3271873,"M":true,"q":"3801.00000000","s":"ONGBTC","a":2473724,"T":1593056125379,"e":"aggTrade","p":"0.00001845","f":3271873},{"m":false,"E":1593056133155,"l":3271875,"M":true,"q":"17.00000000","s":"ONGBTC","a":2473725,"T":1593056133151,"e":"aggTrade","p":"0.00001836","f":3271874},{"m":false,"E":1593056133155,"l":3271877,"M":true,"q":"17.00000000","s":"ONGBTC","a":2473726,"T":1593056133151,"e":"aggTrade","p":"0.00001837","f":3271876},{"m":false,"E":1593056133155,"l":3271879,"M":true,"q":"17.00000000","s":"ONGBTC","a":2473727,"T":1593056133151,"e":"aggTrade","p":"0.00001838","f":3271878}