[{"peak":"","transactionList":[]},{"peak":"-9.00403483|4530,3.27033340|1290,-6.48127874|2370,5.56163784|4620,-5.19310495|3120,5.58586079|5220,-8.69272237|5130,5.45822102|3705","transactionList":[{},{},{},{},{},{},{},{}]},{"peak":"5.24017467|1800,-7.58928571|600,10.04464286|3720,-7.17391304|1140,13.69565217|4560,-5.65656566|3210,5.85858586|2370,-5.22088353|600,11.44578313|1140,-5.91603053|1170,8.96946565|750,-4.96323529|1680,6.98529412|1860,-10.85714286|780,3.23809524|1269,-8.40000000|2327","transactionList":[{},{},{},{},{},{},{},{},{},{},{},{},{},{},{},{}]},{"peak":"9.58804229|720,-4.48383733|180,16.37122002|1020,-6.15091947|330,12.07989854|630,-6.25187857|870,5.44033664|1290,-6.30303030|420,7.63636364|90,-5.84028605|420,5.09535161|360,-14.43867618|1080,8.40363400|1320,-7.35861183|1230,8.00128535|720,-10.12450852|2310,10.74705111|1080,-6.82680152|1080,3.41340076|120,-6.61453242|1800,6.41902900|360,-19.37134503|1200,3.80116959|1200,-10.16291699|1770,10.51202483|1590,-17.00205339|2880,6.61190965|591,-3.26173429|39,7.71678600|573,-4.96124031|585,15.50387597|249,-18.48906561|1108,-18.58336649|1353","transactionList":[{},{},{},{},{},{},{},{},{},{},{},{},{},{},{},{},{},{},{},{},{},{},{},{},{},{},{},{},{},{},{},{},[{"m":false,"E":1593527349238,"l":4380685,"M":true,"q":"519.00000000","s":"NAVBTC","a":3085925,"T":1593527349237,"e":"aggTrade","p":"0.00001261","f":4380685},{"m":false,"E":1593527372957,"l":4380686,"M":true,"q":"10.00000000","s":"NAVBTC","a":3085926,"T":1593527372956,"e":"aggTrade","p":"0.00001261","f":4380686},{"m":true,"E":1593527373251,"l":4380689,"M":true,"q":"1249.00000000","s":"NAVBTC","a":3085927,"T":1593527373250,"e":"aggTrade","p":"0.00001260","f":4380687},{"m":false,"E":1593527373690,"l":4380690,"M":true,"q":"10.00000000","s":"NAVBTC","a":3085928,"T":1593527373689,"e":"aggTrade","p":"0.00001260","f":4380690},{"m":false,"E":1593527374528,"l":4380691,"M":true,"q":"129.00000000","s":"NAVBTC","a":3085929,"T":1593527374527,"e":"aggTrade","p":"0.00001260","f":4380691},{"m":true,"E":1593527401376,"l":4380692,"M":true,"q":"13.00000000","s":"NAVBTC","a":3085930,"T":1593527401373,"e":"aggTrade","p":"0.00001259","f":4380692},{"m":true,"E":1593527401376,"l":4380695,"M":true,"q":"49.00000000","s":"NAVBTC","a":3085931,"T":1593527401373,"e":"aggTrade","p":"0.00001258","f":4380693},{"m":true,"E":1593527401376,"l":4380698,"M":true,"q":"42.00000000","s":"NAVBTC","a":3085932,"T":1593527401373,"e":"aggTrade","p":"0.00001257","f":4380696},{"m":true,"E":1593527401376,"l":4380700,"M":true,"q":"29.00000000","s":"NAVBTC","a":3085933,"T":1593527401373,"e":"aggTrade","p":"0.00001256","f":4380699},{"m":true,"E":1593527401376,"l":4380706,"M":true,"q":"3866.00000000","s":"NAVBTC","a":3085934,"T":1593527401373,"e":"aggTrade","p":"0.00001255","f":4380701},{"m":false,"E":1593527401385,"l":4380707,"M":true,"q":"415.00000000","s":"NAVBTC","a":3085935,"T":1593527401384,"e":"aggTrade","p":"0.00001255","f":4380707},{"m":false,"E":1593527405098,"l":4380708,"M":true,"q":"13.00000000","s":"NAVBTC","a":3085936,"T":1593527405097,"e":"aggTrade","p":"0.00001258","f":4380708},{"m":false,"E":1593527406705,"l":4380709,"M":true,"q":"13.00000000","s":"NAVBTC","a":3085937,"T":1593527406703,"e":"aggTrade","p":"0.00001259","f":4380709},{"m":false,"E":1593527439918,"l":4380710,"M":true,"q":"13.00000000","s":"NAVBTC","a":3085938,"T":1593527439917,"e":"aggTrade","p":"0.00001260","f":4380710},{"m":false,"E":1593527442121,"l":4380711,"M":true,"q":"798.00000000","s":"NAVBTC","a":3085939,"T":1593527442120,"e":"aggTrade","p":"0.00001261","f":4380711}]]},{"peak":"-15.15151515|2880,11.20797011|810,-4.52594616|300,11.35388217|990,-17.59373712|2640,17.26411207|2940,-5.01845018|420,6.60516605|450,-3.28923847|180,8.93814802|870,-4.34931507|330,3.28767123|180,-6.76106195|210,4.60176991|540,-4.26958363|510,5.29287227|690,-5.47896783|720,14.84623542|1590,-3.63636364|90,25.07177033|330,-14.81698389|570,6.58857980|150,-5.50724638|270,7.59420290|240,-4.29896038|210,8.42933408|120,-6.36714443|240,5.01653804|120,-8.51609228|600,7.26288807|180,-6.38418079|780,9.51977401|540,-4.67062635|150,3.07775378|60,-3.27292399|90,25.20962943|660,-7.45125348|150,19.22005571|360,-4.53897822|120,9.76999796|120,-4.27300851|120,16.86001547|210,-8.25720939|300,8.22138635|210,-8.88448369|210,3.64029555|90,-17.67955801|270,9.06486597|150,-5.50277118|210,3.24623911|360,-8.03645402|180,8.84424192|150,-8.46233230|450,22.70381837|399,-12.23333963|141,5.62582594|117,-3.64949981|90,6.44683216|171,-4.70116618|75,11.15160350|246,-8.06023029|129,15.21700620|321,-4.56591640|12,3.60128617|33,-9.35007636|174,5.10775496|48,-4.31121590|81,5.86055911|293,-3.95237308|38,7.04481561|156,-10.57396652|234,3.51896139|57,-6.82178741|120,-6.40815583|313,-6.40815583|313,8.84762425|252,-5.30116238|103,3.13490666|28,-6.86131387|111,3.32116788|26,-10.91087169|166,3.81978452|95,-5.68295115|59,3.68893320|64,-5.17799353|68,10.59870550|323","transactionList":[{},{},{},{},{},{},{},{},{},{},{},{},{},{},{},{},{},{},{},{},{},{},{},{},{},{},{},{},{},{},{},{},{},{},{},{},{},{},{},{},{},{},{},{},{},{},{},{},{},{},{},{},{},{},{},{},{},{},{},{},{},{},{},{},{},{},{},{},{},{},{},{},{},{},[{"m":false,"l":3528397,"M":true,"q":"10752.00000000","a":2645986,"T":1593522912284,"p":"0.00002750","f":3528397},{"m":false,"l":3528398,"M":true,"q":"71.00000000","a":2645987,"T":1593522912307,"p":"0.00002763","f":3528398},{"m":true,"l":3528399,"M":true,"q":"138.00000000","a":2645988,"T":1593522912318,"p":"0.00002757","f":3528399},{"m":true,"l":3528400,"M":true,"q":"573.00000000","a":2645989,"T":1593522912326,"p":"0.00002744","f":3528400},{"m":true,"l":3528401,"M":true,"q":"3462.00000000","a":2645990,"T":1593522912331,"p":"0.00002744","f":3528401},{"m":true,"l":3528408,"M":true,"q":"10383.00000000","a":2645991,"T":1593522912340,"p":"0.00002744","f":3528402},{"m":true,"l":3528411,"M":true,"q":"354.00000000","a":2645992,"T":1593522912340,"p":"0.00002743","f":3528409},{"m":false,"l":3528412,"M":true,"q":"7.00000000","a":2645993,"T":1593522912371,"p":"0.00002762","f":3528412},{"m":false,"l":3528413,"M":true,"q":"11.00000000","a":2645994,"T":1593522912371,"p":"0.00002763","f":3528413},{"m":false,"l":3528414,"M":true,"q":"900.00000000","a":2645995,"T":1593522912373,"p":"0.00002763","f":3528414},{"m":false,"l":3528415,"M":true,"q":"7.00000000","a":2645996,"T":1593522912403,"p":"0.00002762","f":3528415},{"m":false,"l":3528416,"M":true,"q":"10.00000000","a":2645997,"T":1593522912403,"p":"0.00002763","f":3528416},{"m":false,"l":3528417,"M":true,"q":"9.00000000","a":2645998,"T":1593522912553,"p":"0.00002763","f":3528417},{"m":false,"l":3528418,"M":true,"q":"17.00000000","a":2645999,"T":1593522912560,"p":"0.00002763","f":3528418},{"m":false,"l":3528420,"M":true,"q":"18.00000000","a":2646000,"T":1593522912806,"p":"0.00002756","f":3528419},{"m":false,"l":3528422,"M":true,"q":"18.00000000","a":2646001,"T":1593522912906,"p":"0.00002756","f":3528421},{"m":false,"l":3528425,"M":true,"q":"36.00000000","a":2646002,"T":1593522912990,"p":"0.00002756","f":3528423},{"m":true,"l":3528427,"M":true,"q":"1200.00000000","a":2646003,"T":1593522912996,"p":"0.00002745","f":3528426},{"m":false,"l":3528437,"M":true,"q":"136.00000000","a":2646004,"T":1593522913183,"p":"0.00002750","f":3528428},{"m":false,"l":3528438,"M":true,"q":"7.00000000","a":2646005,"T":1593522913183,"p":"0.00002755","f":3528438},{"m":false,"l":3528444,"M":true,"q":"85.00000000","a":2646006,"T":1593522913183,"p":"0.00002756","f":3528439},{"m":false,"l":3528445,"M":true,"q":"237.00000000","a":2646007,"T":1593522913183,"p":"0.00002762","f":3528445},{"m":true,"l":3528446,"M":true,"q":"18.00000000","a":2646008,"T":1593522913306,"p":"0.00002758","f":3528446},{"m":false,"l":3528447,"M":true,"q":"49.00000000","a":2646009,"T":1593522913586,"p":"0.00002759","f":3528447},{"m":false,"l":3528457,"M":true,"q":"1079.00000000","a":2646010,"T":1593522913586,"p":"0.00002760","f":3528448},{"m":false,"l":3528458,"M":true,"q":"32.00000000","a":2646011,"T":1593522913586,"p":"0.00002762","f":3528458},{"m":true,"l":3528459,"M":true,"q":"7.00000000","a":2646012,"T":1593522913607,"p":"0.00002746","f":3528459},{"m":true,"l":3528460,"M":true,"q":"142.00000000","a":2646013,"T":1593522913607,"p":"0.00002745","f":3528460},{"m":true,"l":3528461,"M":true,"q":"23.00000000","a":2646014,"T":1593522913607,"p":"0.00002744","f":3528461},{"m":false,"l":3528462,"M":true,"q":"7.00000000","a":2646015,"T":1593522913636,"p":"0.00002761","f":3528462},{"m":false,"l":3528463,"M":true,"q":"127.00000000","a":2646016,"T":1593522913636,"p":"0.00002762","f":3528463},{"m":false,"l":3528464,"M":true,"q":"14.00000000","a":2646017,"T":1593522913689,"p":"0.00002762","f":3528464},{"m":true,"l":3528465,"M":true,"q":"7.00000000","a":2646018,"T":1593522914110,"p":"0.00002745","f":3528465},{"m":true,"l":3528466,"M":true,"q":"1293.00000000","a":2646019,"T":1593522914110,"p":"0.00002744","f":3528466},{"m":false,"l":3528467,"M":true,"q":"7.00000000","a":2646020,"T":1593522914551,"p":"0.00002761","f":3528467},{"m":false,"l":3528468,"M":true,"q":"316.00000000","a":2646021,"T":1593522914551,"p":"0.00002762","f":3528468},{"m":false,"l":3528469,"M":true,"q":"1022.00000000","a":2646022,"T":1593522914827,"p":"0.00002762","f":3528469},{"m":true,"l":3528470,"M":true,"q":"122.00000000","a":2646023,"T":1593522914966,"p":"0.00002762","f":3528470},{"m":false,"l":3528471,"M":true,"q":"111.00000000","a":2646024,"T":1593522915164,"p":"0.00002746","f":3528471},{"m":false,"l":3528472,"M":true,"q":"14.00000000","a":2646025,"T":1593522917290,"p":"0.00002756","f":3528472},{"m":false,"l":3528476,"M":true,"q":"58.00000000","a":2646026,"T":1593522917290,"p":"0.00002758","f":3528473},{"m":true,"l":3528477,"M":true,"q":"7.00000000","a":2646027,"T":1593522918278,"p":"0.00002747","f":3528477},{"m":true,"l":3528478,"M":true,"q":"731.00000000","a":2646028,"T":1593522918278,"p":"0.00002746","f":3528478},{"m":true,"l":3528480,"M":true,"q":"1033.00000000","a":2646029,"T":1593522918278,"p":"0.00002745","f":3528479},{"m":true,"l":3528482,"M":true,"q":"4577.00000000","a":2646030,"T":1593522918278,"p":"0.00002744","f":3528481},{"m":false,"l":3528483,"M":true,"q":"1.00000000","a":2646031,"T":1593522918290,"p":"0.00002757","f":3528483},{"m":false,"l":3528493,"M":true,"q":"158.00000000","a":2646032,"T":1593522919280,"p":"0.00002754","f":3528484},{"m":false,"l":3528495,"M":true,"q":"677.00000000","a":2646033,"T":1593522919280,"p":"0.00002756","f":3528494},{"m":true,"l":3528496,"M":true,"q":"36.00000000","a":2646034,"T":1593522921580,"p":"0.00002746","f":3528496},{"m":true,"l":3528497,"M":true,"q":"44.00000000","a":2646035,"T":1593522921580,"p":"0.00002746","f":3528497},{"m":true,"l":3528499,"M":true,"q":"21.00000000","a":2646036,"T":1593522921580,"p":"0.00002745","f":3528498},{"m":false,"l":3528500,"M":true,"q":"41.00000000","a":2646037,"T":1593522921598,"p":"0.00002746","f":3528500},{"m":false,"l":3528501,"M":true,"q":"39.00000000","a":2646038,"T":1593522921610,"p":"0.00002746","f":3528501},{"m":false,"l":3528502,"M":true,"q":"7.00000000","a":2646039,"T":1593522921889,"p":"0.00002752","f":3528502},{"m":false,"l":3528503,"M":true,"q":"336.00000000","a":2646040,"T":1593522921889,"p":"0.00002753","f":3528503},{"m":false,"l":3528504,"M":true,"q":"218.00000000","a":2646041,"T":1593522922243,"p":"0.00002753","f":3528504},{"m":true,"l":3528505,"M":true,"q":"27.00000000","a":2646042,"T":1593522922842,"p":"0.00002750","f":3528505},{"m":true,"l":3528506,"M":true,"q":"226.00000000","a":2646043,"T":1593522922854,"p":"0.00002750","f":3528506},{"m":false,"l":3528507,"M":true,"q":"192.00000000","a":2646044,"T":1593522922932,"p":"0.00002752","f":3528507},{"m":false,"l":3528508,"M":true,"q":"59.00000000","a":2646045,"T":1593522923051,"p":"0.00002752","f":3528508},{"m":false,"l":3528509,"M":true,"q":"150.00000000","a":2646046,"T":1593522923051,"p":"0.00002754","f":3528509},{"m":false,"l":3528510,"M":true,"q":"102.00000000","a":2646047,"T":1593522923078,"p":"0.00002746","f":3528510},{"m":false,"l":3528511,"M":true,"q":"162.00000000","a":2646048,"T":1593522923110,"p":"0.00002754","f":3528511},{"m":false,"l":3528512,"M":true,"q":"209.00000000","a":2646049,"T":1593522923159,"p":"0.00002746","f":3528512},{"m":false,"l":3528513,"M":true,"q":"225.00000000","a":2646050,"T":1593522923161,"p":"0.00002754","f":3528513},{"m":false,"l":3528514,"M":true,"q":"41.00000000","a":2646051,"T":1593522923257,"p":"0.00002753","f":3528514},{"m":false,"l":3528515,"M":true,"q":"137.00000000","a":2646052,"T":1593522923369,"p":"0.00002753","f":3528515},{"m":false,"l":3528525,"M":true,"q":"102.00000000","a":2646053,"T":1593522923593,"p":"0.00002750","f":3528516},{"m":false,"l":3528526,"M":true,"q":"126.00000000","a":2646054,"T":1593522923593,"p":"0.00002754","f":3528526},{"m":false,"l":3528527,"M":true,"q":"124.00000000","a":2646055,"T":1593522924207,"p":"0.00002754","f":3528527},{"m":false,"l":3528528,"M":true,"q":"189.00000000","a":2646056,"T":1593522924327,"p":"0.00002753","f":3528528},{"m":false,"l":3528529,"M":true,"q":"67.00000000","a":2646057,"T":1593522924445,"p":"0.00002753","f":3528529},{"m":false,"l":3528530,"M":true,"q":"41.00000000","a":2646058,"T":1593522924683,"p":"0.00002753","f":3528530},{"m":false,"l":3528531,"M":true,"q":"5.00000000","a":2646059,"T":1593522925844,"p":"0.00002753","f":3528531},{"m":false,"l":3528532,"M":true,"q":"67.00000000","a":2646060,"T":1593522925995,"p":"0.00002753","f":3528532},{"m":false,"l":3528533,"M":true,"q":"41.00000000","a":2646061,"T":1593522926011,"p":"0.00002753","f":3528533},{"m":false,"l":3528534,"M":true,"q":"7.00000000","a":2646062,"T":1593522926685,"p":"0.00002753","f":3528534},{"m":false,"l":3528535,"M":true,"q":"187.00000000","a":2646063,"T":1593522926698,"p":"0.00002753","f":3528535},{"m":false,"l":3528536,"M":true,"q":"339.00000000","a":2646064,"T":1593522926923,"p":"0.00002753","f":3528536},{"m":false,"l":3528537,"M":true,"q":"140.00000000","a":2646065,"T":1593522926923,"p":"0.00002754","f":3528537},{"m":false,"l":3528538,"M":true,"q":"533.00000000","a":2646066,"T":1593522927051,"p":"0.00002754","f":3528538},{"m":true,"l":3528539,"M":true,"q":"380.00000000","a":2646067,"T":1593522927106,"p":"0.00002745","f":3528539},{"m":true,"l":3528540,"M":true,"q":"5.00000000","a":2646068,"T":1593522927106,"p":"0.00002744","f":3528540},{"m":true,"l":3528544,"M":true,"q":"301.00000000","a":2646069,"T":1593522927317,"p":"0.00002744","f":3528541},{"m":true,"l":3528546,"M":true,"q":"92.00000000","a":2646070,"T":1593522927317,"p":"0.00002743","f":3528545},{"m":false,"l":3528547,"M":true,"q":"65.00000000","a":2646071,"T":1593522927397,"p":"0.00002752","f":3528547},{"m":true,"l":3528548,"M":true,"q":"7.00000000","a":2646072,"T":1593522927422,"p":"0.00002744","f":3528548},{"m":true,"l":3528549,"M":true,"q":"58.00000000","a":2646073,"T":1593522927422,"p":"0.00002743","f":3528549},{"m":false,"l":3528551,"M":true,"q":"138.00000000","a":2646074,"T":1593522927444,"p":"0.00002752","f":3528550},{"m":false,"l":3528552,"M":true,"q":"299.00000000","a":2646075,"T":1593522927444,"p":"0.00002753","f":3528552},{"m":false,"l":3528553,"M":true,"q":"1.00000000","a":2646076,"T":1593522927478,"p":"0.00002752","f":3528553},{"m":false,"l":3528554,"M":true,"q":"6.00000000","a":2646077,"T":1593522928118,"p":"0.00002752","f":3528554},{"m":false,"l":3528555,"M":true,"q":"85.00000000","a":2646078,"T":1593522928118,"p":"0.00002754","f":3528555},{"m":false,"l":3528557,"M":true,"q":"2142.00000000","a":2646079,"T":1593522930772,"p":"0.00002754","f":3528556},{"m":false,"l":3528558,"M":true,"q":"145.00000000","a":2646080,"T":1593522932121,"p":"0.00002748","f":3528558},{"m":false,"l":3528559,"M":true,"q":"12.00000000","a":2646081,"T":1593522932743,"p":"0.00002748","f":3528559},{"m":false,"l":3528561,"M":true,"q":"904.00000000","a":2646082,"T":1593522932743,"p":"0.00002754","f":3528560},{"m":false,"l":3528562,"M":true,"q":"4.00000000","a":2646083,"T":1593522932982,"p":"0.00002754","f":3528562},{"m":false,"l":3528564,"M":true,"q":"1082.00000000","a":2646084,"T":1593522934245,"p":"0.00002754","f":3528563},{"m":false,"l":3528565,"M":true,"q":"457.00000000","a":2646085,"T":1593522934610,"p":"0.00002753","f":3528565},{"m":false,"l":3528566,"M":true,"q":"17.00000000","a":2646086,"T":1593522938246,"p":"0.00002753","f":3528566},{"m":false,"l":3528567,"M":true,"q":"34.00000000","a":2646087,"T":1593522938923,"p":"0.00002753","f":3528567},{"m":false,"l":3528568,"M":true,"q":"6.00000000","a":2646088,"T":1593522938923,"p":"0.00002754","f":3528568},{"m":false,"l":3528569,"M":true,"q":"83.00000000","a":2646089,"T":1593522938961,"p":"0.00002754","f":3528569},{"m":false,"l":3528570,"M":true,"q":"26.00000000","a":2646090,"T":1593522939126,"p":"0.00002754","f":3528570},{"m":false,"l":3528572,"M":true,"q":"1553.00000000","a":2646091,"T":1593522939774,"p":"0.00002754","f":3528571},{"m":false,"l":3528573,"M":true,"q":"1397.00000000","a":2646092,"T":1593522940083,"p":"0.00002755","f":3528573},{"m":false,"l":3528574,"M":true,"q":"51.00000000","a":2646093,"T":1593522940256,"p":"0.00002755","f":3528574},{"m":true,"l":3528575,"M":true,"q":"34.00000000","a":2646094,"T":1593522940549,"p":"0.00002749","f":3528575},{"m":true,"l":3528577,"M":true,"q":"22.00000000","a":2646095,"T":1593522940549,"p":"0.00002744","f":3528576},{"m":false,"l":3528578,"M":true,"q":"7.00000000","a":2646096,"T":1593522940740,"p":"0.00002754","f":3528578},{"m":false,"l":3528579,"M":true,"q":"117.00000000","a":2646097,"T":1593522940740,"p":"0.00002755","f":3528579},{"m":false,"l":3528581,"M":true,"q":"1865.00000000","a":2646098,"T":1593522940740,"p":"0.00002756","f":3528580},{"m":false,"l":3528582,"M":true,"q":"1601.00000000","a":2646099,"T":1593522940740,"p":"0.00002757","f":3528582},{"m":false,"l":3528583,"M":true,"q":"11.00000000","a":2646100,"T":1593522940933,"p":"0.00002757","f":3528583},{"m":false,"l":3528584,"M":true,"q":"14.00000000","a":2646101,"T":1593522941179,"p":"0.00002756","f":3528584},{"m":false,"l":3528585,"M":true,"q":"73.00000000","a":2646102,"T":1593522942120,"p":"0.00002756","f":3528585},{"m":false,"l":3528586,"M":true,"q":"13.00000000","a":2646103,"T":1593522942958,"p":"0.00002756","f":3528586},{"m":false,"l":3528587,"M":true,"q":"13.00000000","a":2646104,"T":1593522943714,"p":"0.00002756","f":3528587},{"m":false,"l":3528588,"M":true,"q":"2437.00000000","a":2646105,"T":1593522944052,"p":"0.00002756","f":3528588},{"m":false,"l":3528589,"M":true,"q":"1176.00000000","a":2646106,"T":1593522944052,"p":"0.00002757","f":3528589},{"m":false,"l":3528590,"M":true,"q":"72.00000000","a":2646107,"T":1593522944126,"p":"0.00002756","f":3528590},{"m":false,"l":3528591,"M":true,"q":"11.00000000","a":2646108,"T":1593522944771,"p":"0.00002756","f":3528591},{"m":false,"l":3528592,"M":true,"q":"21.00000000","a":2646109,"T":1593522947170,"p":"0.00002756","f":3528592},{"m":false,"l":3528593,"M":true,"q":"1571.00000000","a":2646110,"T":1593522947881,"p":"0.00002756","f":3528593},{"m":false,"l":3528594,"M":true,"q":"251.00000000","a":2646111,"T":1593522951575,"p":"0.00002757","f":3528594},{"m":false,"l":3528595,"M":true,"q":"240.00000000","a":2646112,"T":1593522951741,"p":"0.00002757","f":3528595},{"m":false,"l":3528596,"M":true,"q":"682.00000000","a":2646113,"T":1593522951777,"p":"0.00002757","f":3528596},{"m":true,"l":3528597,"M":true,"q":"4.00000000","a":2646114,"T":1593522954945,"p":"0.00002751","f":3528597},{"m":true,"l":3528598,"M":true,"q":"192.00000000","a":2646115,"T":1593522954945,"p":"0.00002748","f":3528598},{"m":true,"l":3528599,"M":true,"q":"1012.00000000","a":2646116,"T":1593522954945,"p":"0.00002747","f":3528599},{"m":true,"l":3528601,"M":true,"q":"4518.00000000","a":2646117,"T":1593522954945,"p":"0.00002746","f":3528600},{"m":true,"l":3528605,"M":true,"q":"3871.00000000","a":2646118,"T":1593522954945,"p":"0.00002745","f":3528602},{"m":true,"l":3528606,"M":true,"q":"74.00000000","a":2646119,"T":1593522954945,"p":"0.00002750","f":3528606},{"m":true,"l":3528608,"M":true,"q":"962.00000000","a":2646120,"T":1593522954961,"p":"0.00002744","f":3528607},{"m":true,"l":3528609,"M":true,"q":"7.00000000","a":2646121,"T":1593522954982,"p":"0.00002745","f":3528609},{"m":true,"l":3528610,"M":true,"q":"489.00000000","a":2646122,"T":1593522954983,"p":"0.00002744","f":3528610},{"m":true,"l":3528611,"M":true,"q":"490.00000000","a":2646123,"T":1593522955003,"p":"0.00002744","f":3528611},{"m":false,"l":3528612,"M":true,"q":"81.00000000","a":2646124,"T":1593522955017,"p":"0.00002751","f":3528612},{"m":true,"l":3528613,"M":true,"q":"461.00000000","a":2646125,"T":1593522955027,"p":"0.00002744","f":3528613},{"m":true,"l":3528615,"M":true,"q":"1154.00000000","a":2646126,"T":1593522955030,"p":"0.00002744","f":3528614},{"m":true,"l":3528618,"M":true,"q":"841.00000000","a":2646127,"T":1593522955082,"p":"0.00002743","f":3528616},{"m":true,"l":3528619,"M":true,"q":"362.00000000","a":2646128,"T":1593522955138,"p":"0.00002742","f":3528619},{"m":true,"l":3528622,"M":true,"q":"174.00000000","a":2646129,"T":1593522955151,"p":"0.00002741","f":3528620},{"m":false,"l":3528623,"M":true,"q":"193.00000000","a":2646130,"T":1593522955409,"p":"0.00002749","f":3528623},{"m":false,"l":3528624,"M":true,"q":"923.00000000","a":2646131,"T":1593522955700,"p":"0.00002747","f":3528624},{"m":false,"l":3528626,"M":true,"q":"826.00000000","a":2646132,"T":1593522955700,"p":"0.00002749","f":3528625},{"m":false,"l":3528627,"M":true,"q":"1493.00000000","a":2646133,"T":1593522955700,"p":"0.00002750","f":3528627},{"m":true,"l":3528628,"M":true,"q":"7.00000000","a":2646134,"T":1593522956955,"p":"0.00002741","f":3528628},{"m":true,"l":3528630,"M":true,"q":"34.00000000","a":2646135,"T":1593522957230,"p":"0.00002740","f":3528629},{"m":true,"l":3528633,"M":true,"q":"914.00000000","a":2646136,"T":1593522957230,"p":"0.00002740","f":3528631},{"m":false,"l":3528634,"M":true,"q":"34.00000000","a":2646137,"T":1593522957824,"p":"0.00002745","f":3528634},{"m":false,"l":3528635,"M":true,"q":"12.00000000","a":2646138,"T":1593522959333,"p":"0.00002745","f":3528635},{"m":false,"l":3528636,"M":true,"q":"13.00000000","a":2646139,"T":1593522959506,"p":"0.00002745","f":3528636},{"m":false,"l":3528637,"M":true,"q":"11137.00000000","a":2646140,"T":1593522959662,"p":"0.00002745","f":3528637},{"m":true,"l":3528640,"M":true,"q":"335.00000000","a":2646141,"T":1593522959675,"p":"0.00002739","f":3528638},{"m":true,"l":3528647,"M":true,"q":"1241.00000000","a":2646142,"T":1593522959675,"p":"0.00002738","f":3528641},{"m":true,"l":3528652,"M":true,"q":"458.00000000","a":2646143,"T":1593522959675,"p":"0.00002737","f":3528648},{"m":true,"l":3528653,"M":true,"q":"131.00000000","a":2646144,"T":1593522959675,"p":"0.00002736","f":3528653},{"m":true,"l":3528659,"M":true,"q":"1560.00000000","a":2646145,"T":1593522959675,"p":"0.00002735","f":3528654},{"m":true,"l":3528661,"M":true,"q":"167.00000000","a":2646146,"T":1593522959675,"p":"0.00002734","f":3528660},{"m":true,"l":3528663,"M":true,"q":"45.00000000","a":2646147,"T":1593522959675,"p":"0.00002733","f":3528662},{"m":true,"l":3528674,"M":true,"q":"193.00000000","a":2646148,"T":1593522959675,"p":"0.00002732","f":3528664},{"m":true,"l":3528677,"M":true,"q":"1192.00000000","a":2646149,"T":1593522959675,"p":"0.00002731","f":3528675},{"m":true,"l":3528681,"M":true,"q":"554.00000000","a":2646150,"T":1593522959675,"p":"0.00002730","f":3528678},{"m":true,"l":3528682,"M":true,"q":"17.00000000","a":2646151,"T":1593522959675,"p":"0.00002730","f":3528682},{"m":false,"l":3528683,"M":true,"q":"7.00000000","a":2646152,"T":1593522959731,"p":"0.00002744","f":3528683},{"m":false,"l":3528684,"M":true,"q":"6.00000000","a":2646153,"T":1593522959731,"p":"0.00002745","f":3528684},{"m":false,"l":3528685,"M":true,"q":"7.00000000","a":2646154,"T":1593522960269,"p":"0.00002742","f":3528685},{"m":false,"l":3528686,"M":true,"q":"6.00000000","a":2646155,"T":1593522960269,"p":"0.00002743","f":3528686},{"m":false,"l":3528687,"M":true,"q":"13.00000000","a":2646156,"T":1593522960674,"p":"0.00002743","f":3528687},{"m":false,"l":3528688,"M":true,"q":"4.00000000","a":2646157,"T":1593522960680,"p":"0.00002743","f":3528688},{"m":false,"l":3528689,"M":true,"q":"13.00000000","a":2646158,"T":1593522960855,"p":"0.00002743","f":3528689},{"m":true,"l":3528691,"M":true,"q":"158.00000000","a":2646159,"T":1593522961317,"p":"0.00002731","f":3528690},{"m":false,"l":3528692,"M":true,"q":"13.00000000","a":2646160,"T":1593522961339,"p":"0.00002743","f":3528692},{"m":false,"l":3528693,"M":true,"q":"7.00000000","a":2646161,"T":1593522961466,"p":"0.00002742","f":3528693},{"m":false,"l":3528694,"M":true,"q":"123.00000000","a":2646162,"T":1593522961466,"p":"0.00002743","f":3528694},{"m":false,"l":3528697,"M":true,"q":"13.00000000","a":2646163,"T":1593522961834,"p":"0.00002738","f":3528695},{"m":false,"l":3528700,"M":true,"q":"13.00000000","a":2646164,"T":1593522962030,"p":"0.00002738","f":3528698},{"m":false,"l":3528703,"M":true,"q":"13.00000000","a":2646165,"T":1593522962401,"p":"0.00002738","f":3528701},{"m":true,"l":3528704,"M":true,"q":"5.00000000","a":2646166,"T":1593522962574,"p":"0.00002732","f":3528704},{"m":false,"l":3528707,"M":true,"q":"13.00000000","a":2646167,"T":1593522962704,"p":"0.00002738","f":3528705},{"m":false,"l":3528708,"M":true,"q":"2.00000000","a":2646168,"T":1593522963005,"p":"0.00002738","f":3528708},{"m":false,"l":3528709,"M":true,"q":"10.00000000","a":2646169,"T":1593522963005,"p":"0.00002744","f":3528709},{"m":false,"l":3528710,"M":true,"q":"5.00000000","a":2646170,"T":1593522964030,"p":"0.00002743","f":3528710},{"m":true,"l":3528711,"M":true,"q":"7.00000000","a":2646171,"T":1593522964038,"p":"0.00002743","f":3528711},{"m":true,"l":3528712,"M":true,"q":"4.00000000","a":2646172,"T":1593522964040,"p":"0.00002743","f":3528712},{"m":true,"l":3528713,"M":true,"q":"12.00000000","a":2646173,"T":1593522964219,"p":"0.00002736","f":3528713},{"m":false,"l":3528715,"M":true,"q":"151.00000000","a":2646174,"T":1593522964244,"p":"0.00002744","f":3528714},{"m":true,"l":3528716,"M":true,"q":"2.00000000","a":2646175,"T":1593522964933,"p":"0.00002732","f":3528716},{"m":false,"l":3528717,"M":true,"q":"690.00000000","a":2646176,"T":1593522964940,"p":"0.00002732","f":3528717},{"m":false,"l":3528718,"M":true,"q":"2679.00000000","a":2646177,"T":1593522965110,"p":"0.00002744","f":3528718},{"m":true,"l":3528719,"M":true,"q":"7.00000000","a":2646178,"T":1593522965115,"p":"0.00002731","f":3528719},{"m":true,"l":3528720,"M":true,"q":"993.00000000","a":2646179,"T":1593522965115,"p":"0.00002730","f":3528720},{"m":false,"l":3528721,"M":true,"q":"298.00000000","a":2646180,"T":1593522965135,"p":"0.00002744","f":3528721},{"m":false,"l":3528723,"M":true,"q":"982.00000000","a":2646181,"T":1593522965135,"p":"0.00002745","f":3528722},{"m":true,"l":3528724,"M":true,"q":"29.00000000","a":2646182,"T":1593522965263,"p":"0.00002742","f":3528724},{"m":true,"l":3528725,"M":true,"q":"5.00000000","a":2646183,"T":1593522965263,"p":"0.00002742","f":3528725},{"m":true,"l":3528726,"M":true,"q":"7.00000000","a":2646184,"T":1593522966024,"p":"0.00002731","f":3528726},{"m":true,"l":3528727,"M":true,"q":"111.00000000","a":2646185,"T":1593522966024,"p":"0.00002730","f":3528727},{"m":false,"l":3528728,"M":true,"q":"9.00000000","a":2646186,"T":1593522967532,"p":"0.00002743","f":3528728},{"m":false,"l":3528729,"M":true,"q":"163.00000000","a":2646187,"T":1593522967532,"p":"0.00002744","f":3528729},{"m":false,"l":3528730,"M":true,"q":"4407.00000000","a":2646188,"T":1593522968998,"p":"0.00002744","f":3528730},{"m":true,"l":3528731,"M":true,"q":"368.00000000","a":2646189,"T":1593522972636,"p":"0.00002743","f":3528731},{"m":false,"l":3528732,"M":true,"q":"441.00000000","a":2646190,"T":1593522972876,"p":"0.00002744","f":3528732},{"m":false,"l":3528733,"M":true,"q":"26.00000000","a":2646191,"T":1593522974440,"p":"0.00002745","f":3528733},{"m":false,"l":3528734,"M":true,"q":"31.00000000","a":2646192,"T":1593522975159,"p":"0.00002745","f":3528734},{"m":false,"l":3528738,"M":true,"q":"2447.00000000","a":2646193,"T":1593522975221,"p":"0.00002745","f":3528735},{"m":false,"l":3528739,"M":true,"q":"31.00000000","a":2646194,"T":1593522975221,"p":"0.00002746","f":3528739},{"m":true,"l":3528740,"M":true,"q":"1762.00000000","a":2646195,"T":1593522979039,"p":"0.00002744","f":3528740},{"m":true,"l":3528741,"M":true,"q":"1735.00000000","a":2646196,"T":1593522979155,"p":"0.00002744","f":3528741},{"m":true,"l":3528742,"M":true,"q":"147.00000000","a":2646197,"T":1593522979246,"p":"0.00002744","f":3528742},{"m":false,"l":3528743,"M":true,"q":"1.00000000","a":2646198,"T":1593522981914,"p":"0.00002746","f":3528743},{"m":false,"l":3528744,"M":true,"q":"3.00000000","a":2646199,"T":1593522981914,"p":"0.00002748","f":3528744},{"m":false,"l":3528745,"M":true,"q":"12.00000000","a":2646200,"T":1593522983514,"p":"0.00002744","f":3528745},{"m":false,"l":3528746,"M":true,"q":"5760.00000000","a":2646201,"T":1593522983514,"p":"0.00002746","f":3528746},{"m":false,"l":3528747,"M":true,"q":"4708.00000000","a":2646202,"T":1593522983514,"p":"0.00002747","f":3528747},{"m":false,"l":3528748,"M":true,"q":"541.00000000","a":2646203,"T":1593522983514,"p":"0.00002749","f":3528748},{"m":false,"l":3528749,"M":true,"q":"14.00000000","a":2646204,"T":1593522983514,"p":"0.00002750","f":3528749},{"m":false,"l":3528750,"M":true,"q":"23000.00000000","a":2646205,"T":1593522983514,"p":"0.00002751","f":3528750},{"m":false,"l":3528761,"M":true,"q":"173.00000000","a":2646206,"T":1593522983514,"p":"0.00002752","f":3528751},{"m":false,"l":3528763,"M":true,"q":"1028.00000000","a":2646207,"T":1593522983514,"p":"0.00002754","f":3528762},{"m":false,"l":3528767,"M":true,"q":"63.00000000","a":2646208,"T":1593522983514,"p":"0.00002755","f":3528764},{"m":false,"l":3528781,"M":true,"q":"1470.00000000","a":2646209,"T":1593522983514,"p":"0.00002756","f":3528768},{"m":true,"l":3528782,"M":true,"q":"1625.00000000","a":2646210,"T":1593522983522,"p":"0.00002756","f":3528782},{"m":false,"l":3528784,"M":true,"q":"3602.00000000","a":2646211,"T":1593522983647,"p":"0.00002753","f":3528783},{"m":false,"l":3528785,"M":true,"q":"1338.00000000","a":2646212,"T":1593522983647,"p":"0.00002754","f":3528785},{"m":false,"l":3528786,"M":true,"q":"287.00000000","a":2646213,"T":1593522984311,"p":"0.00002754","f":3528786},{"m":false,"l":3528787,"M":true,"q":"715.00000000","a":2646214,"T":1593522984311,"p":"0.00002757","f":3528787},{"m":false,"l":3528797,"M":true,"q":"364.00000000","a":2646215,"T":1593522984311,"p":"0.00002758","f":3528788},{"m":false,"l":3528798,"M":true,"q":"12.00000000","a":2646216,"T":1593522984311,"p":"0.00002760","f":3528798},{"m":false,"l":3528809,"M":true,"q":"144.00000000","a":2646217,"T":1593522984311,"p":"0.00002761","f":3528799},{"m":false,"l":3528811,"M":true,"q":"2418.00000000","a":2646218,"T":1593522984311,"p":"0.00002762","f":3528810},{"m":false,"l":3528812,"M":true,"q":"4.00000000","a":2646219,"T":1593522984862,"p":"0.00002762","f":3528812},{"m":false,"l":3528813,"M":true,"q":"25.00000000","a":2646220,"T":1593522986983,"p":"0.00002763","f":3528813},{"m":false,"l":3528814,"M":true,"q":"7.00000000","a":2646221,"T":1593522988177,"p":"0.00002757","f":3528814},{"m":true,"l":3528815,"M":true,"q":"107.00000000","a":2646222,"T":1593522989392,"p":"0.00002757","f":3528815},{"m":true,"l":3528816,"M":true,"q":"104.00000000","a":2646223,"T":1593522989427,"p":"0.00002757","f":3528816},{"m":true,"l":3528817,"M":true,"q":"63.00000000","a":2646224,"T":1593522989427,"p":"0.00002754","f":3528817},{"m":false,"l":3528818,"M":true,"q":"28.00000000","a":2646225,"T":1593522989464,"p":"0.00002762","f":3528818},{"m":true,"l":3528820,"M":true,"q":"206.00000000","a":2646226,"T":1593522996174,"p":"0.00002753","f":3528819},{"m":true,"l":3528821,"M":true,"q":"12.00000000","a":2646227,"T":1593522996174,"p":"0.00002752","f":3528821},{"m":true,"l":3528822,"M":true,"q":"14.00000000","a":2646228,"T":1593522996174,"p":"0.00002751","f":3528822},{"m":true,"l":3528823,"M":true,"q":"243.00000000","a":2646229,"T":1593522996174,"p":"0.00002750","f":3528823},{"m":false,"l":3528824,"M":true,"q":"12.00000000","a":2646230,"T":1593522999280,"p":"0.00002760","f":3528824},{"m":false,"l":3528825,"M":true,"q":"86.00000000","a":2646231,"T":1593523000373,"p":"0.00002761","f":3528825},{"m":true,"l":3528826,"M":true,"q":"808.00000000","a":2646232,"T":1593523000458,"p":"0.00002754","f":3528826},{"m":true,"l":3528827,"M":true,"q":"2078.00000000","a":2646233,"T":1593523000458,"p":"0.00002753","f":3528827},{"m":true,"l":3528828,"M":true,"q":"12.00000000","a":2646234,"T":1593523000941,"p":"0.00002752","f":3528828},{"m":false,"l":3528829,"M":true,"q":"120.00000000","a":2646235,"T":1593523001671,"p":"0.00002753","f":3528829},{"m":false,"l":3528830,"M":true,"q":"4.00000000","a":2646236,"T":1593523008343,"p":"0.00002753","f":3528830},{"m":false,"l":3528831,"M":true,"q":"4.00000000","a":2646237,"T":1593523008363,"p":"0.00002753","f":3528831},{"m":true,"l":3528835,"M":true,"q":"520.00000000","a":2646238,"T":1593523009642,"p":"0.00002750","f":3528832},{"m":false,"l":3528836,"M":true,"q":"54.00000000","a":2646239,"T":1593523010720,"p":"0.00002753","f":3528836},{"m":false,"l":3528837,"M":true,"q":"2327.00000000","a":2646240,"T":1593523011272,"p":"0.00002753","f":3528837},{"m":false,"l":3528838,"M":true,"q":"2472.00000000","a":2646241,"T":1593523011446,"p":"0.00002753","f":3528838},{"m":false,"l":3528839,"M":true,"q":"68.00000000","a":2646242,"T":1593523015065,"p":"0.00002757","f":3528839},{"m":false,"l":3528840,"M":true,"q":"1037.00000000","a":2646243,"T":1593523015642,"p":"0.00002757","f":3528840},{"m":false,"l":3528841,"M":true,"q":"87.00000000","a":2646244,"T":1593523016037,"p":"0.00002757","f":3528841}],[{"m":true,"E":1593538022853,"l":3534042,"M":true,"q":"285.00000000","s":"ONGBTC","a":2649025,"T":1593538022852,"e":"aggTrade","p":"0.00002962","f":3534042},{"m":true,"E":1593538026642,"l":3534043,"M":true,"q":"285.00000000","s":"ONGBTC","a":2649026,"T":1593538026641,"e":"aggTrade","p":"0.00002960","f":3534043},{"m":false,"E":1593538028889,"l":3534044,"M":true,"q":"73.00000000","s":"ONGBTC","a":2649027,"T":1593538028887,"e":"aggTrade","p":"0.00002968","f":3534044},{"m":true,"E":1593538030579,"l":3534045,"M":true,"q":"285.00000000","s":"ONGBTC","a":2649028,"T":1593538030578,"e":"aggTrade","p":"0.00002960","f":3534045},{"m":true,"E":1593538034495,"l":3534046,"M":true,"q":"287.00000000","s":"ONGBTC","a":2649029,"T":1593538034494,"e":"aggTrade","p":"0.00002960","f":3534046},{"m":true,"E":1593538037186,"l":3534047,"M":true,"q":"356.00000000","s":"ONGBTC","a":2649030,"T":1593538037185,"e":"aggTrade","p":"0.00002962","f":3534047},{"m":false,"E":1593538037611,"l":3534048,"M":true,"q":"856.00000000","s":"ONGBTC","a":2649031,"T":1593538037609,"e":"aggTrade","p":"0.00002968","f":3534048},{"m":false,"E":1593538037611,"l":3534058,"M":true,"q":"473.00000000","s":"ONGBTC","a":2649032,"T":1593538037609,"e":"aggTrade","p":"0.00002969","f":3534049},{"m":false,"E":1593538037611,"l":3534062,"M":true,"q":"1093.00000000","s":"ONGBTC","a":2649033,"T":1593538037609,"e":"aggTrade","p":"0.00002971","f":3534059},{"m":false,"E":1593538037611,"l":3534067,"M":true,"q":"171.00000000","s":"ONGBTC","a":2649034,"T":1593538037609,"e":"aggTrade","p":"0.00002972","f":3534063},{"m":true,"E":1593538038430,"l":3534068,"M":true,"q":"287.00000000","s":"ONGBTC","a":2649035,"T":1593538038429,"e":"aggTrade","p":"0.00002962","f":3534068},{"m":true,"E":1593538039892,"l":3534069,"M":true,"q":"38.00000000","s":"ONGBTC","a":2649036,"T":1593538039891,"e":"aggTrade","p":"0.00002962","f":3534069},{"m":false,"E":1593538041982,"l":3534070,"M":true,"q":"210.00000000","s":"ONGBTC","a":2649037,"T":1593538041980,"e":"aggTrade","p":"0.00002971","f":3534070},{"m":false,"E":1593538042145,"l":3534072,"M":true,"q":"294.00000000","s":"ONGBTC","a":2649038,"T":1593538042144,"e":"aggTrade","p":"0.00002973","f":3534071},{"m":false,"E":1593538042169,"l":3534074,"M":true,"q":"249.00000000","s":"ONGBTC","a":2649039,"T":1593538042168,"e":"aggTrade","p":"0.00002974","f":3534073},{"m":false,"E":1593538042382,"l":3534076,"M":true,"q":"19.00000000","s":"ONGBTC","a":2649040,"T":1593538042381,"e":"aggTrade","p":"0.00002975","f":3534075},{"m":true,"E":1593538043820,"l":3534077,"M":true,"q":"287.00000000","s":"ONGBTC","a":2649041,"T":1593538043819,"e":"aggTrade","p":"0.00002967","f":3534077},{"m":true,"E":1593538047626,"l":3534078,"M":true,"q":"287.00000000","s":"ONGBTC","a":2649042,"T":1593538047625,"e":"aggTrade","p":"0.00002969","f":3534078},{"m":false,"E":1593538048183,"l":3534080,"M":true,"q":"48.00000000","s":"ONGBTC","a":2649043,"T":1593538048182,"e":"aggTrade","p":"0.00002977","f":3534079},{"m":false,"E":1593538048183,"l":3534083,"M":true,"q":"21.00000000","s":"ONGBTC","a":2649044,"T":1593538048182,"e":"aggTrade","p":"0.00002978","f":3534081},{"m":false,"E":1593538048183,"l":3534084,"M":true,"q":"13.00000000","s":"ONGBTC","a":2649045,"T":1593538048182,"e":"aggTrade","p":"0.00002979","f":3534084},{"m":false,"E":1593538048241,"l":3534085,"M":true,"q":"26.00000000","s":"ONGBTC","a":2649046,"T":1593538048240,"e":"aggTrade","p":"0.00002981","f":3534085},{"m":false,"E":1593538048291,"l":3534090,"M":true,"q":"893.00000000","s":"ONGBTC","a":2649047,"T":1593538048289,"e":"aggTrade","p":"0.00002982","f":3534086},{"m":false,"E":1593538048392,"l":3534091,"M":true,"q":"182.00000000","s":"ONGBTC","a":2649048,"T":1593538048391,"e":"aggTrade","p":"0.00002982","f":3534091},{"m":true,"E":1593538049373,"l":3534092,"M":true,"q":"395.00000000","s":"ONGBTC","a":2649049,"T":1593538049372,"e":"aggTrade","p":"0.00002980","f":3534092},{"m":false,"E":1593538050625,"l":3534094,"M":true,"q":"17.00000000","s":"ONGBTC","a":2649050,"T":1593538050622,"e":"aggTrade","p":"0.00002985","f":3534093},{"m":false,"E":1593538050625,"l":3534095,"M":true,"q":"6.00000000","s":"ONGBTC","a":2649051,"T":1593538050622,"e":"aggTrade","p":"0.00002987","f":3534095},{"m":false,"E":1593538050625,"l":3534099,"M":true,"q":"307.00000000","s":"ONGBTC","a":2649052,"T":1593538050622,"e":"aggTrade","p":"0.00002988","f":3534096},{"m":false,"E":1593538050625,"l":3534100,"M":true,"q":"26.00000000","s":"ONGBTC","a":2649053,"T":1593538050622,"e":"aggTrade","p":"0.00002990","f":3534100},{"m":false,"E":1593538050625,"l":3534105,"M":true,"q":"86.00000000","s":"ONGBTC","a":2649054,"T":1593538050622,"e":"aggTrade","p":"0.00002991","f":3534101},{"m":false,"E":1593538050625,"l":3534106,"M":true,"q":"4.00000000","s":"ONGBTC","a":2649055,"T":1593538050622,"e":"aggTrade","p":"0.00002992","f":3534106},{"m":false,"E":1593538050625,"l":3534108,"M":true,"q":"236.00000000","s":"ONGBTC","a":2649056,"T":1593538050622,"e":"aggTrade","p":"0.00002994","f":3534107},{"m":false,"E":1593538050625,"l":3534110,"M":true,"q":"18.00000000","s":"ONGBTC","a":2649057,"T":1593538050622,"e":"aggTrade","p":"0.00002995","f":3534109},{"m":true,"E":1593538051430,"l":3534111,"M":true,"q":"222.00000000","s":"ONGBTC","a":2649058,"T":1593538051429,"e":"aggTrade","p":"0.00002980","f":3534111},{"m":true,"E":1593538052270,"l":3534112,"M":true,"q":"282.00000000","s":"ONGBTC","a":2649059,"T":1593538052269,"e":"aggTrade","p":"0.00002982","f":3534112},{"m":true,"E":1593538055303,"l":3534113,"M":true,"q":"287.00000000","s":"ONGBTC","a":2649060,"T":1593538055302,"e":"aggTrade","p":"0.00002979","f":3534113},{"m":true,"E":1593538059058,"l":3534114,"M":true,"q":"287.00000000","s":"ONGBTC","a":2649061,"T":1593538059057,"e":"aggTrade","p":"0.00002980","f":3534114},{"m":true,"E":1593538061201,"l":3534115,"M":true,"q":"131.00000000","s":"ONGBTC","a":2649062,"T":1593538061199,"e":"aggTrade","p":"0.00002982","f":3534115},{"m":true,"E":1593538061694,"l":3534116,"M":true,"q":"204.00000000","s":"ONGBTC","a":2649063,"T":1593538061693,"e":"aggTrade","p":"0.00002982","f":3534116},{"m":true,"E":1593538061694,"l":3534117,"M":true,"q":"142.00000000","s":"ONGBTC","a":2649064,"T":1593538061693,"e":"aggTrade","p":"0.00002980","f":3534117},{"m":false,"E":1593538062036,"l":3534118,"M":true,"q":"1.00000000","s":"ONGBTC","a":2649065,"T":1593538062035,"e":"aggTrade","p":"0.00002991","f":3534118},{"m":true,"E":1593538062918,"l":3534119,"M":true,"q":"247.00000000","s":"ONGBTC","a":2649066,"T":1593538062916,"e":"aggTrade","p":"0.00002980","f":3534119},{"m":false,"E":1593538065630,"l":3534128,"M":true,"q":"116.00000000","s":"ONGBTC","a":2649067,"T":1593538065629,"e":"aggTrade","p":"0.00002984","f":3534120},{"m":true,"E":1593538066763,"l":3534129,"M":true,"q":"288.00000000","s":"ONGBTC","a":2649068,"T":1593538066762,"e":"aggTrade","p":"0.00002980","f":3534129},{"m":true,"E":1593538068337,"l":3534130,"M":true,"q":"275.00000000","s":"ONGBTC","a":2649069,"T":1593538068336,"e":"aggTrade","p":"0.00002981","f":3534130},{"m":true,"E":1593538068337,"l":3534131,"M":true,"q":"225.00000000","s":"ONGBTC","a":2649070,"T":1593538068336,"e":"aggTrade","p":"0.00002980","f":3534131},{"m":true,"E":1593538070570,"l":3534132,"M":true,"q":"288.00000000","s":"ONGBTC","a":2649071,"T":1593538070569,"e":"aggTrade","p":"0.00002980","f":3534132},{"m":true,"E":1593538074378,"l":3534133,"M":true,"q":"288.00000000","s":"ONGBTC","a":2649072,"T":1593538074377,"e":"aggTrade","p":"0.00002980","f":3534133},{"m":true,"E":1593538074634,"l":3534134,"M":true,"q":"13.00000000","s":"ONGBTC","a":2649073,"T":1593538074633,"e":"aggTrade","p":"0.00002980","f":3534134},{"m":true,"E":1593538076275,"l":3534135,"M":true,"q":"144.00000000","s":"ONGBTC","a":2649074,"T":1593538076274,"e":"aggTrade","p":"0.00002980","f":3534135},{"m":false,"E":1593538078313,"l":3534145,"M":true,"q":"1709.00000000","s":"ONGBTC","a":2649075,"T":1593538078312,"e":"aggTrade","p":"0.00002981","f":3534136},{"m":true,"E":1593538078324,"l":3534146,"M":true,"q":"288.00000000","s":"ONGBTC","a":2649076,"T":1593538078323,"e":"aggTrade","p":"0.00002980","f":3534146},{"m":true,"E":1593538082001,"l":3534147,"M":true,"q":"346.00000000","s":"ONGBTC","a":2649077,"T":1593538082001,"e":"aggTrade","p":"0.00002985","f":3534147},{"m":true,"E":1593538082106,"l":3534148,"M":true,"q":"288.00000000","s":"ONGBTC","a":2649078,"T":1593538082105,"e":"aggTrade","p":"0.00002986","f":3534148},{"m":true,"E":1593538083588,"l":3534149,"M":true,"q":"689.00000000","s":"ONGBTC","a":2649079,"T":1593538083587,"e":"aggTrade","p":"0.00002980","f":3534149},{"m":true,"E":1593538083682,"l":3534151,"M":true,"q":"103.00000000","s":"ONGBTC","a":2649080,"T":1593538083681,"e":"aggTrade","p":"0.00002980","f":3534150},{"m":true,"E":1593538083988,"l":3534152,"M":true,"q":"30.00000000","s":"ONGBTC","a":2649081,"T":1593538083987,"e":"aggTrade","p":"0.00002981","f":3534152},{"m":true,"E":1593538083988,"l":3534153,"M":true,"q":"5.00000000","s":"ONGBTC","a":2649082,"T":1593538083987,"e":"aggTrade","p":"0.00002980","f":3534153},{"m":true,"E":1593538084096,"l":3534154,"M":true,"q":"69.00000000","s":"ONGBTC","a":2649083,"T":1593538084095,"e":"aggTrade","p":"0.00002980","f":3534154},{"m":true,"E":1593538084383,"l":3534155,"M":true,"q":"83.00000000","s":"ONGBTC","a":2649084,"T":1593538084382,"e":"aggTrade","p":"0.00002980","f":3534155},{"m":true,"E":1593538084383,"l":3534156,"M":true,"q":"20.00000000","s":"ONGBTC","a":2649085,"T":1593538084382,"e":"aggTrade","p":"0.00002979","f":3534156},{"m":true,"E":1593538085075,"l":3534157,"M":true,"q":"563.00000000","s":"ONGBTC","a":2649086,"T":1593538085074,"e":"aggTrade","p":"0.00002979","f":3534157},{"m":true,"E":1593538085981,"l":3534158,"M":true,"q":"35.00000000","s":"ONGBTC","a":2649087,"T":1593538085980,"e":"aggTrade","p":"0.00002980","f":3534158},{"m":true,"E":1593538085981,"l":3534159,"M":true,"q":"107.00000000","s":"ONGBTC","a":2649088,"T":1593538085980,"e":"aggTrade","p":"0.00002979","f":3534159},{"m":true,"E":1593538089491,"l":3534160,"M":true,"q":"1085.00000000","s":"ONGBTC","a":2649089,"T":1593538089490,"e":"aggTrade","p":"0.00002979","f":3534160},{"m":true,"E":1593538091845,"l":3534161,"M":true,"q":"35.00000000","s":"ONGBTC","a":2649090,"T":1593538091844,"e":"aggTrade","p":"0.00002979","f":3534161},{"m":true,"E":1593538091853,"l":3534162,"M":true,"q":"171.00000000","s":"ONGBTC","a":2649091,"T":1593538091852,"e":"aggTrade","p":"0.00002979","f":3534162},{"m":true,"E":1593538092223,"l":3534163,"M":true,"q":"34.00000000","s":"ONGBTC","a":2649092,"T":1593538092222,"e":"aggTrade","p":"0.00002979","f":3534163},{"m":true,"E":1593538092910,"l":3534165,"M":true,"q":"129.00000000","s":"ONGBTC","a":2649093,"T":1593538092909,"e":"aggTrade","p":"0.00002979","f":3534164},{"m":true,"E":1593538092916,"l":3534166,"M":true,"q":"29.00000000","s":"ONGBTC","a":2649094,"T":1593538092914,"e":"aggTrade","p":"0.00002976","f":3534166},{"m":true,"E":1593538092916,"l":3534167,"M":true,"q":"26.00000000","s":"ONGBTC","a":2649095,"T":1593538092914,"e":"aggTrade","p":"0.00002975","f":3534167},{"m":true,"E":1593538093688,"l":3534168,"M":true,"q":"96.00000000","s":"ONGBTC","a":2649096,"T":1593538093687,"e":"aggTrade","p":"0.00002974","f":3534168},{"m":false,"E":1593538096263,"l":3534169,"M":true,"q":"37.00000000","s":"ONGBTC","a":2649097,"T":1593538096262,"e":"aggTrade","p":"0.00002975","f":3534169},{"m":false,"E":1593538101537,"l":3534170,"M":true,"q":"20.00000000","s":"ONGBTC","a":2649098,"T":1593538101535,"e":"aggTrade","p":"0.00002978","f":3534170},{"m":false,"E":1593538105018,"l":3534171,"M":true,"q":"109.00000000","s":"ONGBTC","a":2649099,"T":1593538105017,"e":"aggTrade","p":"0.00002978","f":3534171},{"m":false,"E":1593538106195,"l":3534172,"M":true,"q":"236.00000000","s":"ONGBTC","a":2649100,"T":1593538106194,"e":"aggTrade","p":"0.00002983","f":3534172},{"m":false,"E":1593538111846,"l":3534173,"M":true,"q":"2588.00000000","s":"ONGBTC","a":2649101,"T":1593538111843,"e":"aggTrade","p":"0.00002982","f":3534173},{"m":false,"E":1593538111846,"l":3534174,"M":true,"q":"264.00000000","s":"ONGBTC","a":2649102,"T":1593538111843,"e":"aggTrade","p":"0.00002983","f":3534174},{"m":false,"E":1593538111846,"l":3534175,"M":true,"q":"332.00000000","s":"ONGBTC","a":2649103,"T":1593538111843,"e":"aggTrade","p":"0.00002985","f":3534175},{"m":false,"E":1593538111846,"l":3534176,"M":true,"q":"26.00000000","s":"ONGBTC","a":2649104,"T":1593538111843,"e":"aggTrade","p":"0.00002990","f":3534176},{"m":false,"E":1593538111846,"l":3534178,"M":true,"q":"42.00000000","s":"ONGBTC","a":2649105,"T":1593538111843,"e":"aggTrade","p":"0.00002991","f":3534177},{"m":false,"E":1593538111846,"l":3534179,"M":true,"q":"287.00000000","s":"ONGBTC","a":2649106,"T":1593538111843,"e":"aggTrade","p":"0.00002992","f":3534179},{"m":false,"E":1593538111846,"l":3534180,"M":true,"q":"289.00000000","s":"ONGBTC","a":2649107,"T":1593538111843,"e":"aggTrade","p":"0.00002994","f":3534180},{"m":false,"E":1593538111846,"l":3534181,"M":true,"q":"11.00000000","s":"ONGBTC","a":2649108,"T":1593538111843,"e":"aggTrade","p":"0.00002996","f":3534181},{"m":false,"E":1593538111846,"l":3534182,"M":true,"q":"7.00000000","s":"ONGBTC","a":2649109,"T":1593538111843,"e":"aggTrade","p":"0.00002997","f":3534182},{"m":false,"E":1593538111846,"l":3534186,"M":true,"q":"311.00000000","s":"ONGBTC","a":2649110,"T":1593538111843,"e":"aggTrade","p":"0.00002998","f":3534183},{"m":false,"E":1593538111846,"l":3534187,"M":true,"q":"9.00000000","s":"ONGBTC","a":2649111,"T":1593538111843,"e":"aggTrade","p":"0.00002999","f":3534187},{"m":false,"E":1593538111846,"l":3534190,"M":true,"q":"58.00000000","s":"ONGBTC","a":2649112,"T":1593538111843,"e":"aggTrade","p":"0.00003000","f":3534188},{"m":false,"E":1593538111846,"l":3534192,"M":true,"q":"36.00000000","s":"ONGBTC","a":2649113,"T":1593538111843,"e":"aggTrade","p":"0.00003001","f":3534191},{"m":false,"E":1593538111846,"l":3534194,"M":true,"q":"35.00000000","s":"ONGBTC","a":2649114,"T":1593538111843,"e":"aggTrade","p":"0.00003002","f":3534193},{"m":false,"E":1593538111846,"l":3534195,"M":true,"q":"2337.00000000","s":"ONGBTC","a":2649115,"T":1593538111843,"e":"aggTrade","p":"0.00003003","f":3534195},{"m":false,"E":1593538111846,"l":3534198,"M":true,"q":"127.00000000","s":"ONGBTC","a":2649116,"T":1593538111843,"e":"aggTrade","p":"0.00003004","f":3534196},{"m":false,"E":1593538111846,"l":3534200,"M":true,"q":"77.00000000","s":"ONGBTC","a":2649117,"T":1593538111843,"e":"aggTrade","p":"0.00003005","f":3534199},{"m":false,"E":1593538111846,"l":3534201,"M":true,"q":"4.00000000","s":"ONGBTC","a":2649118,"T":1593538111843,"e":"aggTrade","p":"0.00003007","f":3534201},{"m":false,"E":1593538111846,"l":3534202,"M":true,"q":"4.00000000","s":"ONGBTC","a":2649119,"T":1593538111843,"e":"aggTrade","p":"0.00003008","f":3534202},{"m":false,"E":1593538111846,"l":3534203,"M":true,"q":"876.00000000","s":"ONGBTC","a":2649120,"T":1593538111843,"e":"aggTrade","p":"0.00003009","f":3534203},{"m":true,"E":1593538111892,"l":3534204,"M":true,"q":"671.00000000","s":"ONGBTC","a":2649121,"T":1593538111890,"e":"aggTrade","p":"0.00002982","f":3534204},{"m":false,"E":1593538112023,"l":3534205,"M":true,"q":"355.00000000","s":"ONGBTC","a":2649122,"T":1593538112021,"e":"aggTrade","p":"0.00002982","f":3534205},{"m":true,"E":1593538112456,"l":3534206,"M":true,"q":"34.00000000","s":"ONGBTC","a":2649123,"T":1593538112455,"e":"aggTrade","p":"0.00002982","f":3534206},{"m":true,"E":1593538114043,"l":3534207,"M":true,"q":"8.00000000","s":"ONGBTC","a":2649124,"T":1593538114042,"e":"aggTrade","p":"0.00002986","f":3534207},{"m":true,"E":1593538114096,"l":3534208,"M":true,"q":"9.00000000","s":"ONGBTC","a":2649125,"T":1593538114095,"e":"aggTrade","p":"0.00002983","f":3534208},{"m":true,"E":1593538114114,"l":3534209,"M":true,"q":"25.00000000","s":"ONGBTC","a":2649126,"T":1593538114113,"e":"aggTrade","p":"0.00002985","f":3534209},{"m":true,"E":1593538114153,"l":3534210,"M":true,"q":"29.00000000","s":"ONGBTC","a":2649127,"T":1593538114151,"e":"aggTrade","p":"0.00002986","f":3534210},{"m":true,"E":1593538114372,"l":3534211,"M":true,"q":"13.00000000","s":"ONGBTC","a":2649128,"T":1593538114371,"e":"aggTrade","p":"0.00002986","f":3534211},{"m":false,"E":1593538114543,"l":3534212,"M":true,"q":"13.00000000","s":"ONGBTC","a":2649129,"T":1593538114542,"e":"aggTrade","p":"0.00002987","f":3534212},{"m":false,"E":1593538115629,"l":3534213,"M":true,"q":"67.00000000","s":"ONGBTC","a":2649130,"T":1593538115628,"e":"aggTrade","p":"0.00002987","f":3534213},{"m":false,"E":1593538120644,"l":3534214,"M":true,"q":"540.00000000","s":"ONGBTC","a":2649131,"T":1593538120643,"e":"aggTrade","p":"0.00002988","f":3534214},{"m":false,"E":1593538125481,"l":3534215,"M":true,"q":"1.00000000","s":"ONGBTC","a":2649132,"T":1593538125480,"e":"aggTrade","p":"0.00002988","f":3534215},{"m":false,"E":1593538133131,"l":3534216,"M":true,"q":"20.00000000","s":"ONGBTC","a":2649133,"T":1593538133130,"e":"aggTrade","p":"0.00002987","f":3534216}],[{"m":true,"E":1593544228817,"l":3535953,"M":true,"q":"318.00000000","s":"ONGBTC","a":2650283,"T":1593544228815,"e":"aggTrade","p":"0.00002858","f":3535942},{"m":true,"E":1593544228817,"l":3535956,"M":true,"q":"1329.00000000","s":"ONGBTC","a":2650284,"T":1593544228815,"e":"aggTrade","p":"0.00002857","f":3535954},{"m":true,"E":1593544228817,"l":3535957,"M":true,"q":"37.00000000","s":"ONGBTC","a":2650285,"T":1593544228815,"e":"aggTrade","p":"0.00002856","f":3535957},{"m":false,"E":1593544232571,"l":3535958,"M":true,"q":"349.00000000","s":"ONGBTC","a":2650286,"T":1593544232570,"e":"aggTrade","p":"0.00002859","f":3535958},{"m":false,"E":1593544233294,"l":3535959,"M":true,"q":"39.00000000","s":"ONGBTC","a":2650287,"T":1593544233293,"e":"aggTrade","p":"0.00002859","f":3535959},{"m":true,"E":1593544235862,"l":3535962,"M":true,"q":"32.00000000","s":"ONGBTC","a":2650288,"T":1593544235860,"e":"aggTrade","p":"0.00002856","f":3535960},{"m":true,"E":1593544235862,"l":3535966,"M":true,"q":"222.00000000","s":"ONGBTC","a":2650289,"T":1593544235860,"e":"aggTrade","p":"0.00002855","f":3535963},{"m":false,"E":1593544247094,"l":3535967,"M":true,"q":"48.00000000","s":"ONGBTC","a":2650290,"T":1593544247093,"e":"aggTrade","p":"0.00002859","f":3535967},{"m":true,"E":1593544251570,"l":3535970,"M":true,"q":"316.00000000","s":"ONGBTC","a":2650291,"T":1593544251568,"e":"aggTrade","p":"0.00002855","f":3535968},{"m":true,"E":1593544251570,"l":3535973,"M":true,"q":"3449.00000000","s":"ONGBTC","a":2650292,"T":1593544251568,"e":"aggTrade","p":"0.00002854","f":3535971},{"m":true,"E":1593544251570,"l":3535976,"M":true,"q":"19.00000000","s":"ONGBTC","a":2650293,"T":1593544251568,"e":"aggTrade","p":"0.00002853","f":3535974},{"m":true,"E":1593544251583,"l":3535980,"M":true,"q":"68.00000000","s":"ONGBTC","a":2650294,"T":1593544251582,"e":"aggTrade","p":"0.00002852","f":3535977},{"m":true,"E":1593544251601,"l":3535983,"M":true,"q":"33.00000000","s":"ONGBTC","a":2650295,"T":1593544251600,"e":"aggTrade","p":"0.00002851","f":3535981},{"m":true,"E":1593544251601,"l":3535988,"M":true,"q":"768.00000000","s":"ONGBTC","a":2650296,"T":1593544251600,"e":"aggTrade","p":"0.00002850","f":3535984},{"m":false,"E":1593544253921,"l":3535990,"M":true,"q":"16.00000000","s":"ONGBTC","a":2650297,"T":1593544253920,"e":"aggTrade","p":"0.00002852","f":3535989},{"m":false,"E":1593544254529,"l":3535999,"M":true,"q":"70.00000000","s":"ONGBTC","a":2650298,"T":1593544254528,"e":"aggTrade","p":"0.00002852","f":3535991},{"m":false,"E":1593544254529,"l":3536000,"M":true,"q":"173.00000000","s":"ONGBTC","a":2650299,"T":1593544254528,"e":"aggTrade","p":"0.00002858","f":3536000},{"m":true,"E":1593544258430,"l":3536004,"M":true,"q":"1269.00000000","s":"ONGBTC","a":2650300,"T":1593544258429,"e":"aggTrade","p":"0.00002849","f":3536001},{"m":true,"E":1593544258434,"l":3536006,"M":true,"q":"2442.00000000","s":"ONGBTC","a":2650301,"T":1593544258432,"e":"aggTrade","p":"0.00002849","f":3536005},{"m":true,"E":1593544258436,"l":3536009,"M":true,"q":"21.00000000","s":"ONGBTC","a":2650302,"T":1593544258433,"e":"aggTrade","p":"0.00002848","f":3536007},{"m":true,"E":1593544258436,"l":3536015,"M":true,"q":"7382.00000000","s":"ONGBTC","a":2650303,"T":1593544258433,"e":"aggTrade","p":"0.00002847","f":3536010},{"m":true,"E":1593544258440,"l":3536016,"M":true,"q":"1269.00000000","s":"ONGBTC","a":2650304,"T":1593544258436,"e":"aggTrade","p":"0.00002847","f":3536016},{"m":false,"E":1593544258455,"l":3536017,"M":true,"q":"119.00000000","s":"ONGBTC","a":2650305,"T":1593544258453,"e":"aggTrade","p":"0.00002848","f":3536017},{"m":true,"E":1593544258457,"l":3536018,"M":true,"q":"4140.00000000","s":"ONGBTC","a":2650306,"T":1593544258456,"e":"aggTrade","p":"0.00002847","f":3536018},{"m":true,"E":1593544258520,"l":3536019,"M":true,"q":"1.00000000","s":"ONGBTC","a":2650307,"T":1593544258518,"e":"aggTrade","p":"0.00002847","f":3536019},{"m":true,"E":1593544258520,"l":3536021,"M":true,"q":"6.00000000","s":"ONGBTC","a":2650308,"T":1593544258518,"e":"aggTrade","p":"0.00002846","f":3536020},{"m":true,"E":1593544258608,"l":3536023,"M":true,"q":"101.00000000","s":"ONGBTC","a":2650309,"T":1593544258607,"e":"aggTrade","p":"0.00002845","f":3536022},{"m":false,"E":1593544259301,"l":3536024,"M":true,"q":"5780.00000000","s":"ONGBTC","a":2650310,"T":1593544259300,"e":"aggTrade","p":"0.00002847","f":3536024},{"m":true,"E":1593544259309,"l":3536025,"M":true,"q":"1.00000000","s":"ONGBTC","a":2650311,"T":1593544259308,"e":"aggTrade","p":"0.00002845","f":3536025},{"m":true,"E":1593544259391,"l":3536030,"M":true,"q":"1384.00000000","s":"ONGBTC","a":2650312,"T":1593544259390,"e":"aggTrade","p":"0.00002844","f":3536026},{"m":true,"E":1593544259405,"l":3536032,"M":true,"q":"6.00000000","s":"ONGBTC","a":2650313,"T":1593544259404,"e":"aggTrade","p":"0.00002843","f":3536031},{"m":true,"E":1593544259429,"l":3536038,"M":true,"q":"1929.00000000","s":"ONGBTC","a":2650314,"T":1593544259427,"e":"aggTrade","p":"0.00002842","f":3536033},{"m":true,"E":1593544259444,"l":3536045,"M":true,"q":"137.00000000","s":"ONGBTC","a":2650315,"T":1593544259443,"e":"aggTrade","p":"0.00002841","f":3536039},{"m":true,"E":1593544259478,"l":3536049,"M":true,"q":"1240.00000000","s":"ONGBTC","a":2650316,"T":1593544259477,"e":"aggTrade","p":"0.00002840","f":3536046},{"m":true,"E":1593544259513,"l":3536052,"M":true,"q":"233.00000000","s":"ONGBTC","a":2650317,"T":1593544259512,"e":"aggTrade","p":"0.00002839","f":3536050},{"m":false,"E":1593544259552,"l":3536053,"M":true,"q":"40.00000000","s":"ONGBTC","a":2650318,"T":1593544259551,"e":"aggTrade","p":"0.00002847","f":3536053},{"m":true,"E":1593544259751,"l":3536054,"M":true,"q":"680.00000000","s":"ONGBTC","a":2650319,"T":1593544259750,"e":"aggTrade","p":"0.00002839","f":3536054},{"m":true,"E":1593544259815,"l":3536057,"M":true,"q":"19.00000000","s":"ONGBTC","a":2650320,"T":1593544259814,"e":"aggTrade","p":"0.00002839","f":3536055},{"m":false,"E":1593544260455,"l":3536058,"M":true,"q":"3510.00000000","s":"ONGBTC","a":2650321,"T":1593544260454,"e":"aggTrade","p":"0.00002847","f":3536058},{"m":false,"E":1593544261106,"l":3536059,"M":true,"q":"65.00000000","s":"ONGBTC","a":2650322,"T":1593544261105,"e":"aggTrade","p":"0.00002847","f":3536059},{"m":false,"E":1593544261808,"l":3536060,"M":true,"q":"213.00000000","s":"ONGBTC","a":2650323,"T":1593544261807,"e":"aggTrade","p":"0.00002847","f":3536060},{"m":true,"E":1593544263128,"l":3536061,"M":true,"q":"88.00000000","s":"ONGBTC","a":2650324,"T":1593544263127,"e":"aggTrade","p":"0.00002838","f":3536061},{"m":false,"E":1593544268581,"l":3536062,"M":true,"q":"9.00000000","s":"ONGBTC","a":2650325,"T":1593544268580,"e":"aggTrade","p":"0.00002852","f":3536062},{"m":false,"E":1593544273137,"l":3536063,"M":true,"q":"211.00000000","s":"ONGBTC","a":2650326,"T":1593544273136,"e":"aggTrade","p":"0.00002851","f":3536063},{"m":true,"E":1593544280760,"l":3536066,"M":true,"q":"183.00000000","s":"ONGBTC","a":2650327,"T":1593544280759,"e":"aggTrade","p":"0.00002838","f":3536064},{"m":false,"E":1593544281612,"l":3536067,"M":true,"q":"151.00000000","s":"ONGBTC","a":2650328,"T":1593544281611,"e":"aggTrade","p":"0.00002839","f":3536067},{"m":true,"E":1593544282880,"l":3536068,"M":true,"q":"704.00000000","s":"ONGBTC","a":2650329,"T":1593544282877,"e":"aggTrade","p":"0.00002839","f":3536068},{"m":true,"E":1593544282880,"l":3536075,"M":true,"q":"778.00000000","s":"ONGBTC","a":2650330,"T":1593544282877,"e":"aggTrade","p":"0.00002838","f":3536069},{"m":true,"E":1593544282880,"l":3536078,"M":true,"q":"49.00000000","s":"ONGBTC","a":2650331,"T":1593544282877,"e":"aggTrade","p":"0.00002837","f":3536076},{"m":true,"E":1593544282880,"l":3536082,"M":true,"q":"27.00000000","s":"ONGBTC","a":2650332,"T":1593544282877,"e":"aggTrade","p":"0.00002836","f":3536079},{"m":true,"E":1593544282880,"l":3536088,"M":true,"q":"823.00000000","s":"ONGBTC","a":2650333,"T":1593544282877,"e":"aggTrade","p":"0.00002835","f":3536083},{"m":true,"E":1593544282880,"l":3536092,"M":true,"q":"213.00000000","s":"ONGBTC","a":2650334,"T":1593544282877,"e":"aggTrade","p":"0.00002834","f":3536089},{"m":true,"E":1593544282880,"l":3536100,"M":true,"q":"1011.00000000","s":"ONGBTC","a":2650335,"T":1593544282877,"e":"aggTrade","p":"0.00002833","f":3536093},{"m":true,"E":1593544282880,"l":3536102,"M":true,"q":"1090.00000000","s":"ONGBTC","a":2650336,"T":1593544282877,"e":"aggTrade","p":"0.00002832","f":3536101},{"m":false,"E":1593544286378,"l":3536104,"M":true,"q":"40.00000000","s":"ONGBTC","a":2650337,"T":1593544286377,"e":"aggTrade","p":"0.00002846","f":3536103},{"m":false,"E":1593544286378,"l":3536106,"M":true,"q":"99.00000000","s":"ONGBTC","a":2650338,"T":1593544286377,"e":"aggTrade","p":"0.00002848","f":3536105},{"m":false,"E":1593544286378,"l":3536107,"M":true,"q":"21.00000000","s":"ONGBTC","a":2650339,"T":1593544286377,"e":"aggTrade","p":"0.00002849","f":3536107},{"m":false,"E":1593544292335,"l":3536108,"M":true,"q":"35.00000000","s":"ONGBTC","a":2650340,"T":1593544292334,"e":"aggTrade","p":"0.00002848","f":3536108},{"m":true,"E":1593544302992,"l":3536110,"M":true,"q":"455.00000000","s":"ONGBTC","a":2650341,"T":1593544302991,"e":"aggTrade","p":"0.00002840","f":3536109},{"m":false,"E":1593544311894,"l":3536111,"M":true,"q":"660.00000000","s":"ONGBTC","a":2650342,"T":1593544311893,"e":"aggTrade","p":"0.00002848","f":3536111},{"m":false,"E":1593544311896,"l":3536113,"M":true,"q":"722.00000000","s":"ONGBTC","a":2650343,"T":1593544311895,"e":"aggTrade","p":"0.00002848","f":3536112},{"m":true,"E":1593544312073,"l":3536114,"M":true,"q":"527.00000000","s":"ONGBTC","a":2650344,"T":1593544312071,"e":"aggTrade","p":"0.00002846","f":3536114},{"m":false,"E":1593544312210,"l":3536115,"M":true,"q":"26.00000000","s":"ONGBTC","a":2650345,"T":1593544312209,"e":"aggTrade","p":"0.00002848","f":3536115},{"m":false,"E":1593544313471,"l":3536116,"M":true,"q":"42.00000000","s":"ONGBTC","a":2650346,"T":1593544313470,"e":"aggTrade","p":"0.00002848","f":3536116},{"m":true,"E":1593544313525,"l":3536117,"M":true,"q":"1942.00000000","s":"ONGBTC","a":2650347,"T":1593544313524,"e":"aggTrade","p":"0.00002843","f":3536117},{"m":true,"E":1593544313530,"l":3536118,"M":true,"q":"261.00000000","s":"ONGBTC","a":2650348,"T":1593544313529,"e":"aggTrade","p":"0.00002843","f":3536118},{"m":false,"E":1593544313792,"l":3536119,"M":true,"q":"70.00000000","s":"ONGBTC","a":2650349,"T":1593544313791,"e":"aggTrade","p":"0.00002843","f":3536119},{"m":false,"E":1593544314053,"l":3536120,"M":true,"q":"82.00000000","s":"ONGBTC","a":2650350,"T":1593544314052,"e":"aggTrade","p":"0.00002843","f":3536120},{"m":false,"E":1593544314486,"l":3536121,"M":true,"q":"43.00000000","s":"ONGBTC","a":2650351,"T":1593544314485,"e":"aggTrade","p":"0.00002843","f":3536121},{"m":false,"E":1593544314937,"l":3536122,"M":true,"q":"139.00000000","s":"ONGBTC","a":2650352,"T":1593544314936,"e":"aggTrade","p":"0.00002843","f":3536122},{"m":false,"E":1593544314969,"l":3536123,"M":true,"q":"37.00000000","s":"ONGBTC","a":2650353,"T":1593544314968,"e":"aggTrade","p":"0.00002843","f":3536123},{"m":false,"E":1593544315217,"l":3536124,"M":true,"q":"16.00000000","s":"ONGBTC","a":2650354,"T":1593544315216,"e":"aggTrade","p":"0.00002843","f":3536124},{"m":false,"E":1593544315232,"l":3536125,"M":true,"q":"814.00000000","s":"ONGBTC","a":2650355,"T":1593544315231,"e":"aggTrade","p":"0.00002843","f":3536125},{"m":false,"E":1593544315769,"l":3536126,"M":true,"q":"203.00000000","s":"ONGBTC","a":2650356,"T":1593544315768,"e":"aggTrade","p":"0.00002848","f":3536126},{"m":false,"E":1593544315833,"l":3536127,"M":true,"q":"6.00000000","s":"ONGBTC","a":2650357,"T":1593544315832,"e":"aggTrade","p":"0.00002848","f":3536127},{"m":false,"E":1593544316024,"l":3536128,"M":true,"q":"29.00000000","s":"ONGBTC","a":2650358,"T":1593544316023,"e":"aggTrade","p":"0.00002848","f":3536128},{"m":false,"E":1593544317301,"l":3536129,"M":true,"q":"10.00000000","s":"ONGBTC","a":2650359,"T":1593544317300,"e":"aggTrade","p":"0.00002848","f":3536129},{"m":false,"E":1593544319160,"l":3536130,"M":true,"q":"87.00000000","s":"ONGBTC","a":2650360,"T":1593544319159,"e":"aggTrade","p":"0.00002848","f":3536130},{"m":false,"E":1593544319165,"l":3536132,"M":true,"q":"2808.00000000","s":"ONGBTC","a":2650361,"T":1593544319163,"e":"aggTrade","p":"0.00002848","f":3536131},{"m":false,"E":1593544319534,"l":3536133,"M":true,"q":"56.00000000","s":"ONGBTC","a":2650362,"T":1593544319533,"e":"aggTrade","p":"0.00002848","f":3536133},{"m":false,"E":1593544320368,"l":3536134,"M":true,"q":"351.00000000","s":"ONGBTC","a":2650363,"T":1593544320367,"e":"aggTrade","p":"0.00002848","f":3536134},{"m":false,"E":1593544321177,"l":3536135,"M":true,"q":"41.00000000","s":"ONGBTC","a":2650364,"T":1593544321176,"e":"aggTrade","p":"0.00002848","f":3536135},{"m":false,"E":1593544321542,"l":3536136,"M":true,"q":"52.00000000","s":"ONGBTC","a":2650365,"T":1593544321541,"e":"aggTrade","p":"0.00002848","f":3536136},{"m":false,"E":1593544322230,"l":3536137,"M":true,"q":"17.00000000","s":"ONGBTC","a":2650366,"T":1593544322229,"e":"aggTrade","p":"0.00002848","f":3536137},{"m":false,"E":1593544322293,"l":3536138,"M":true,"q":"104.00000000","s":"ONGBTC","a":2650367,"T":1593544322292,"e":"aggTrade","p":"0.00002848","f":3536138},{"m":false,"E":1593544322411,"l":3536139,"M":true,"q":"136.00000000","s":"ONGBTC","a":2650368,"T":1593544322410,"e":"aggTrade","p":"0.00002848","f":3536139},{"m":false,"E":1593544322607,"l":3536140,"M":true,"q":"314.00000000","s":"ONGBTC","a":2650369,"T":1593544322606,"e":"aggTrade","p":"0.00002848","f":3536140},{"m":false,"E":1593544322690,"l":3536141,"M":true,"q":"52.00000000","s":"ONGBTC","a":2650370,"T":1593544322690,"e":"aggTrade","p":"0.00002848","f":3536141},{"m":false,"E":1593544322800,"l":3536142,"M":true,"q":"314.00000000","s":"ONGBTC","a":2650371,"T":1593544322799,"e":"aggTrade","p":"0.00002848","f":3536142},{"m":false,"E":1593544322861,"l":3536143,"M":true,"q":"140.00000000","s":"ONGBTC","a":2650372,"T":1593544322860,"e":"aggTrade","p":"0.00002848","f":3536143},{"m":false,"E":1593544323102,"l":3536144,"M":true,"q":"34.00000000","s":"ONGBTC","a":2650373,"T":1593544323101,"e":"aggTrade","p":"0.00002848","f":3536144},{"m":false,"E":1593544323152,"l":3536145,"M":true,"q":"174.00000000","s":"ONGBTC","a":2650374,"T":1593544323151,"e":"aggTrade","p":"0.00002848","f":3536145},{"m":false,"E":1593544323968,"l":3536146,"M":true,"q":"1070.00000000","s":"ONGBTC","a":2650375,"T":1593544323968,"e":"aggTrade","p":"0.00002848","f":3536146},{"m":true,"E":1593544326119,"l":3536147,"M":true,"q":"642.00000000","s":"ONGBTC","a":2650376,"T":1593544326118,"e":"aggTrade","p":"0.00002844","f":3536147},{"m":true,"E":1593544326129,"l":3536149,"M":true,"q":"168.00000000","s":"ONGBTC","a":2650377,"T":1593544326128,"e":"aggTrade","p":"0.00002843","f":3536148},{"m":false,"E":1593544329272,"l":3536150,"M":true,"q":"9460.00000000","s":"ONGBTC","a":2650378,"T":1593544329271,"e":"aggTrade","p":"0.00002848","f":3536150},{"m":false,"E":1593544336506,"l":3536151,"M":true,"q":"126.00000000","s":"ONGBTC","a":2650379,"T":1593544336505,"e":"aggTrade","p":"0.00002848","f":3536151}],[{"m":false,"E":1593545974167,"l":3536784,"M":true,"q":"6.00000000","s":"ONGBTC","a":2650670,"T":1593545974166,"e":"aggTrade","p":"0.00002931","f":3536784},{"m":true,"E":1593545985579,"l":3536785,"M":true,"q":"347.00000000","s":"ONGBTC","a":2650671,"T":1593545985578,"e":"aggTrade","p":"0.00002921","f":3536785},{"m":true,"E":1593546001313,"l":3536786,"M":true,"q":"174.00000000","s":"ONGBTC","a":2650672,"T":1593546001311,"e":"aggTrade","p":"0.00002922","f":3536786},{"m":true,"E":1593546010157,"l":3536789,"M":true,"q":"40.00000000","s":"ONGBTC","a":2650673,"T":1593546010156,"e":"aggTrade","p":"0.00002920","f":3536787},{"m":false,"E":1593546025835,"l":3536790,"M":true,"q":"5671.00000000","s":"ONGBTC","a":2650674,"T":1593546025834,"e":"aggTrade","p":"0.00002925","f":3536790},{"m":false,"E":1593546028214,"l":3536791,"M":true,"q":"526.00000000","s":"ONGBTC","a":2650675,"T":1593546028213,"e":"aggTrade","p":"0.00002926","f":3536791},{"m":false,"E":1593546028214,"l":3536792,"M":true,"q":"194.00000000","s":"ONGBTC","a":2650676,"T":1593546028213,"e":"aggTrade","p":"0.00002930","f":3536792},{"m":true,"E":1593546029201,"l":3536795,"M":true,"q":"2808.00000000","s":"ONGBTC","a":2650677,"T":1593546029200,"e":"aggTrade","p":"0.00002920","f":3536793},{"m":false,"E":1593546030022,"l":3536796,"M":true,"q":"6.00000000","s":"ONGBTC","a":2650678,"T":1593546030021,"e":"aggTrade","p":"0.00002928","f":3536796}],[{"m":false,"E":1593552634569,"l":3538128,"M":true,"q":"26.00000000","s":"ONGBTC","a":2651407,"T":1593552634568,"e":"aggTrade","p":"0.00002765","f":3538128},{"m":true,"E":1593552637763,"l":3538129,"M":true,"q":"34.00000000","s":"ONGBTC","a":2651408,"T":1593552637761,"e":"aggTrade","p":"0.00002762","f":3538129},{"m":true,"E":1593552637763,"l":3538130,"M":true,"q":"16.00000000","s":"ONGBTC","a":2651409,"T":1593552637761,"e":"aggTrade","p":"0.00002760","f":3538130},{"m":true,"E":1593552637763,"l":3538131,"M":true,"q":"423.00000000","s":"ONGBTC","a":2651410,"T":1593552637761,"e":"aggTrade","p":"0.00002759","f":3538131},{"m":false,"E":1593552638129,"l":3538132,"M":true,"q":"6484.00000000","s":"ONGBTC","a":2651411,"T":1593552638127,"e":"aggTrade","p":"0.00002765","f":3538132},{"m":false,"E":1593552638152,"l":3538134,"M":true,"q":"2535.00000000","s":"ONGBTC","a":2651412,"T":1593552638150,"e":"aggTrade","p":"0.00002765","f":3538133},{"m":true,"E":1593552638155,"l":3538136,"M":true,"q":"90.00000000","s":"ONGBTC","a":2651413,"T":1593552638154,"e":"aggTrade","p":"0.00002759","f":3538135},{"m":true,"E":1593552638227,"l":3538137,"M":true,"q":"90.00000000","s":"ONGBTC","a":2651414,"T":1593552638227,"e":"aggTrade","p":"0.00002759","f":3538137},{"m":true,"E":1593552638855,"l":3538138,"M":true,"q":"1183.00000000","s":"ONGBTC","a":2651415,"T":1593552638853,"e":"aggTrade","p":"0.00002761","f":3538138},{"m":true,"E":1593552638855,"l":3538139,"M":true,"q":"963.00000000","s":"ONGBTC","a":2651416,"T":1593552638853,"e":"aggTrade","p":"0.00002760","f":3538139},{"m":true,"E":1593552638855,"l":3538141,"M":true,"q":"2242.00000000","s":"ONGBTC","a":2651417,"T":1593552638853,"e":"aggTrade","p":"0.00002758","f":3538140},{"m":true,"E":1593552639394,"l":3538142,"M":true,"q":"260.00000000","s":"ONGBTC","a":2651418,"T":1593552639393,"e":"aggTrade","p":"0.00002760","f":3538142},{"m":false,"E":1593552641721,"l":3538143,"M":true,"q":"1761.00000000","s":"ONGBTC","a":2651419,"T":1593552641720,"e":"aggTrade","p":"0.00002771","f":3538143},{"m":true,"E":1593552642640,"l":3538144,"M":true,"q":"707.00000000","s":"ONGBTC","a":2651420,"T":1593552642639,"e":"aggTrade","p":"0.00002760","f":3538144},{"m":false,"E":1593552643333,"l":3538145,"M":true,"q":"22.00000000","s":"ONGBTC","a":2651421,"T":1593552643332,"e":"aggTrade","p":"0.00002771","f":3538145},{"m":true,"E":1593552643917,"l":3538146,"M":true,"q":"260.00000000","s":"ONGBTC","a":2651422,"T":1593552643916,"e":"aggTrade","p":"0.00002766","f":3538146},{"m":true,"E":1593552644182,"l":3538147,"M":true,"q":"542.00000000","s":"ONGBTC","a":2651423,"T":1593552644181,"e":"aggTrade","p":"0.00002766","f":3538147},{"m":true,"E":1593552644341,"l":3538148,"M":true,"q":"161.00000000","s":"ONGBTC","a":2651424,"T":1593552644339,"e":"aggTrade","p":"0.00002766","f":3538148},{"m":true,"E":1593552644341,"l":3538154,"M":true,"q":"1112.00000000","s":"ONGBTC","a":2651425,"T":1593552644339,"e":"aggTrade","p":"0.00002765","f":3538149},{"m":true,"E":1593552644342,"l":3538160,"M":true,"q":"1273.00000000","s":"ONGBTC","a":2651426,"T":1593552644339,"e":"aggTrade","p":"0.00002765","f":3538155},{"m":true,"E":1593552644342,"l":3538162,"M":true,"q":"496.00000000","s":"ONGBTC","a":2651427,"T":1593552644340,"e":"aggTrade","p":"0.00002765","f":3538161},{"m":true,"E":1593552644342,"l":3538163,"M":true,"q":"777.00000000","s":"ONGBTC","a":2651428,"T":1593552644340,"e":"aggTrade","p":"0.00002763","f":3538163},{"m":true,"E":1593552644343,"l":3538164,"M":true,"q":"308.00000000","s":"ONGBTC","a":2651429,"T":1593552644340,"e":"aggTrade","p":"0.00002763","f":3538164},{"m":true,"E":1593552644343,"l":3538165,"M":true,"q":"897.00000000","s":"ONGBTC","a":2651430,"T":1593552644340,"e":"aggTrade","p":"0.00002761","f":3538165},{"m":true,"E":1593552644343,"l":3538168,"M":true,"q":"1770.00000000","s":"ONGBTC","a":2651431,"T":1593552644340,"e":"aggTrade","p":"0.00002758","f":3538166},{"m":false,"E":1593552644355,"l":3538169,"M":true,"q":"1913.00000000","s":"ONGBTC","a":2651432,"T":1593552644351,"e":"aggTrade","p":"0.00002758","f":3538169},{"m":false,"E":1593552644390,"l":3538170,"M":true,"q":"161.00000000","s":"ONGBTC","a":2651433,"T":1593552644388,"e":"aggTrade","p":"0.00002765","f":3538170},{"m":false,"E":1593552644390,"l":3538171,"M":true,"q":"353.00000000","s":"ONGBTC","a":2651434,"T":1593552644388,"e":"aggTrade","p":"0.00002771","f":3538171},{"m":false,"E":1593552644390,"l":3538173,"M":true,"q":"46.00000000","s":"ONGBTC","a":2651435,"T":1593552644388,"e":"aggTrade","p":"0.00002773","f":3538172},{"m":false,"E":1593552644390,"l":3538174,"M":true,"q":"10.00000000","s":"ONGBTC","a":2651436,"T":1593552644388,"e":"aggTrade","p":"0.00002774","f":3538174},{"m":false,"E":1593552644390,"l":3538176,"M":true,"q":"870.00000000","s":"ONGBTC","a":2651437,"T":1593552644388,"e":"aggTrade","p":"0.00002776","f":3538175},{"m":false,"E":1593552644390,"l":3538177,"M":true,"q":"1096.00000000","s":"ONGBTC","a":2651438,"T":1593552644388,"e":"aggTrade","p":"0.00002777","f":3538177},{"m":true,"E":1593552644977,"l":3538179,"M":true,"q":"26.00000000","s":"ONGBTC","a":2651439,"T":1593552644976,"e":"aggTrade","p":"0.00002757","f":3538178},{"m":true,"E":1593552645449,"l":3538180,"M":true,"q":"4.00000000","s":"ONGBTC","a":2651440,"T":1593552645448,"e":"aggTrade","p":"0.00002765","f":3538180},{"m":true,"E":1593552645872,"l":3538181,"M":true,"q":"34.00000000","s":"ONGBTC","a":2651441,"T":1593552645866,"e":"aggTrade","p":"0.00002759","f":3538181},{"m":true,"E":1593552645872,"l":3538182,"M":true,"q":"723.00000000","s":"ONGBTC","a":2651442,"T":1593552645866,"e":"aggTrade","p":"0.00002758","f":3538182},{"m":true,"E":1593552645872,"l":3538185,"M":true,"q":"371.00000000","s":"ONGBTC","a":2651443,"T":1593552645866,"e":"aggTrade","p":"0.00002757","f":3538183},{"m":true,"E":1593552645872,"l":3538190,"M":true,"q":"495.00000000","s":"ONGBTC","a":2651444,"T":1593552645866,"e":"aggTrade","p":"0.00002756","f":3538186},{"m":true,"E":1593552645872,"l":3538201,"M":true,"q":"179.00000000","s":"ONGBTC","a":2651445,"T":1593552645866,"e":"aggTrade","p":"0.00002755","f":3538191},{"m":true,"E":1593552645872,"l":3538203,"M":true,"q":"6670.00000000","s":"ONGBTC","a":2651446,"T":1593552645866,"e":"aggTrade","p":"0.00002754","f":3538202},{"m":true,"E":1593552645872,"l":3538204,"M":true,"q":"16.00000000","s":"ONGBTC","a":2651447,"T":1593552645866,"e":"aggTrade","p":"0.00002753","f":3538204},{"m":true,"E":1593552645872,"l":3538205,"M":true,"q":"50.00000000","s":"ONGBTC","a":2651448,"T":1593552645866,"e":"aggTrade","p":"0.00002752","f":3538205},{"m":true,"E":1593552645872,"l":3538222,"M":true,"q":"9837.00000000","s":"ONGBTC","a":2651449,"T":1593552645866,"e":"aggTrade","p":"0.00002751","f":3538206},{"m":true,"E":1593552645872,"l":3538235,"M":true,"q":"6865.00000000","s":"ONGBTC","a":2651450,"T":1593552645866,"e":"aggTrade","p":"0.00002750","f":3538223},{"m":true,"E":1593552645872,"l":3538236,"M":true,"q":"160.00000000","s":"ONGBTC","a":2651451,"T":1593552645866,"e":"aggTrade","p":"0.00002750","f":3538236},{"m":true,"E":1593552645872,"l":3538251,"M":true,"q":"1380.00000000","s":"ONGBTC","a":2651452,"T":1593552645866,"e":"aggTrade","p":"0.00002749","f":3538237},{"m":true,"E":1593552645872,"l":3538254,"M":true,"q":"777.00000000","s":"ONGBTC","a":2651453,"T":1593552645866,"e":"aggTrade","p":"0.00002748","f":3538252},{"m":true,"E":1593552645902,"l":3538255,"M":true,"q":"165.00000000","s":"ONGBTC","a":2651454,"T":1593552645901,"e":"aggTrade","p":"0.00002748","f":3538255},{"m":true,"E":1593552646502,"l":3538256,"M":true,"q":"32.00000000","s":"ONGBTC","a":2651455,"T":1593552646501,"e":"aggTrade","p":"0.00002759","f":3538256},{"m":false,"E":1593552646727,"l":3538257,"M":true,"q":"14.00000000","s":"ONGBTC","a":2651456,"T":1593552646726,"e":"aggTrade","p":"0.00002762","f":3538257},{"m":true,"E":1593552646765,"l":3538258,"M":true,"q":"10.00000000","s":"ONGBTC","a":2651457,"T":1593552646763,"e":"aggTrade","p":"0.00002759","f":3538258},{"m":true,"E":1593552646841,"l":3538259,"M":true,"q":"72.00000000","s":"ONGBTC","a":2651458,"T":1593552646839,"e":"aggTrade","p":"0.00002749","f":3538259},{"m":true,"E":1593552647120,"l":3538260,"M":true,"q":"5.00000000","s":"ONGBTC","a":2651459,"T":1593552647119,"e":"aggTrade","p":"0.00002746","f":3538260},{"m":true,"E":1593552647120,"l":3538262,"M":true,"q":"469.00000000","s":"ONGBTC","a":2651460,"T":1593552647119,"e":"aggTrade","p":"0.00002745","f":3538261},{"m":true,"E":1593552647164,"l":3538265,"M":true,"q":"597.00000000","s":"ONGBTC","a":2651461,"T":1593552647162,"e":"aggTrade","p":"0.00002745","f":3538263},{"m":true,"E":1593552647330,"l":3538270,"M":true,"q":"2363.00000000","s":"ONGBTC","a":2651462,"T":1593552647327,"e":"aggTrade","p":"0.00002744","f":3538266},{"m":true,"E":1593552647330,"l":3538272,"M":true,"q":"314.00000000","s":"ONGBTC","a":2651463,"T":1593552647327,"e":"aggTrade","p":"0.00002743","f":3538271},{"m":true,"E":1593552647330,"l":3538275,"M":true,"q":"174.00000000","s":"ONGBTC","a":2651464,"T":1593552647327,"e":"aggTrade","p":"0.00002742","f":3538273},{"m":true,"E":1593552647330,"l":3538277,"M":true,"q":"614.00000000","s":"ONGBTC","a":2651465,"T":1593552647327,"e":"aggTrade","p":"0.00002741","f":3538276},{"m":true,"E":1593552647330,"l":3538279,"M":true,"q":"38.00000000","s":"ONGBTC","a":2651466,"T":1593552647327,"e":"aggTrade","p":"0.00002740","f":3538278},{"m":true,"E":1593552647330,"l":3538281,"M":true,"q":"37.00000000","s":"ONGBTC","a":2651467,"T":1593552647327,"e":"aggTrade","p":"0.00002739","f":3538280},{"m":true,"E":1593552647694,"l":3538282,"M":true,"q":"18.00000000","s":"ONGBTC","a":2651468,"T":1593552647692,"e":"aggTrade","p":"0.00002741","f":3538282},{"m":true,"E":1593552647694,"l":3538284,"M":true,"q":"249.00000000","s":"ONGBTC","a":2651469,"T":1593552647692,"e":"aggTrade","p":"0.00002739","f":3538283},{"m":false,"E":1593552647906,"l":3538285,"M":true,"q":"3103.00000000","s":"ONGBTC","a":2651470,"T":1593552647905,"e":"aggTrade","p":"0.00002758","f":3538285},{"m":false,"E":1593552647906,"l":3538287,"M":true,"q":"1637.00000000","s":"ONGBTC","a":2651471,"T":1593552647905,"e":"aggTrade","p":"0.00002760","f":3538286},{"m":true,"E":1593552648299,"l":3538288,"M":true,"q":"1322.00000000","s":"ONGBTC","a":2651472,"T":1593552648298,"e":"aggTrade","p":"0.00002746","f":3538288},{"m":true,"E":1593552649176,"l":3538289,"M":true,"q":"6515.00000000","s":"ONGBTC","a":2651473,"T":1593552649175,"e":"aggTrade","p":"0.00002746","f":3538289},{"m":true,"E":1593552650231,"l":3538290,"M":true,"q":"350.00000000","s":"ONGBTC","a":2651474,"T":1593552650230,"e":"aggTrade","p":"0.00002746","f":3538290},{"m":true,"E":1593552650323,"l":3538291,"M":true,"q":"143.00000000","s":"ONGBTC","a":2651475,"T":1593552650322,"e":"aggTrade","p":"0.00002746","f":3538291},{"m":true,"E":1593552650725,"l":3538292,"M":true,"q":"724.00000000","s":"ONGBTC","a":2651476,"T":1593552650724,"e":"aggTrade","p":"0.00002746","f":3538292},{"m":true,"E":1593552651525,"l":3538293,"M":true,"q":"266.00000000","s":"ONGBTC","a":2651477,"T":1593552651524,"e":"aggTrade","p":"0.00002746","f":3538293},{"m":true,"E":1593552652270,"l":3538294,"M":true,"q":"709.00000000","s":"ONGBTC","a":2651478,"T":1593552652269,"e":"aggTrade","p":"0.00002746","f":3538294},{"m":false,"E":1593552652931,"l":3538295,"M":true,"q":"1.00000000","s":"ONGBTC","a":2651479,"T":1593552652930,"e":"aggTrade","p":"0.00002749","f":3538295},{"m":true,"E":1593552653268,"l":3538296,"M":true,"q":"902.00000000","s":"ONGBTC","a":2651480,"T":1593552653267,"e":"aggTrade","p":"0.00002746","f":3538296},{"m":true,"E":1593552653576,"l":3538297,"M":true,"q":"738.00000000","s":"ONGBTC","a":2651481,"T":1593552653574,"e":"aggTrade","p":"0.00002746","f":3538297},{"m":true,"E":1593552653576,"l":3538298,"M":true,"q":"7.00000000","s":"ONGBTC","a":2651482,"T":1593552653574,"e":"aggTrade","p":"0.00002739","f":3538298},{"m":true,"E":1593552653576,"l":3538303,"M":true,"q":"1068.00000000","s":"ONGBTC","a":2651483,"T":1593552653574,"e":"aggTrade","p":"0.00002738","f":3538299},{"m":false,"E":1593552653607,"l":3538304,"M":true,"q":"104.00000000","s":"ONGBTC","a":2651484,"T":1593552653606,"e":"aggTrade","p":"0.00002749","f":3538304},{"m":false,"E":1593552654465,"l":3538305,"M":true,"q":"10.00000000","s":"ONGBTC","a":2651485,"T":1593552654464,"e":"aggTrade","p":"0.00002744","f":3538305},{"m":true,"E":1593552655735,"l":3538306,"M":true,"q":"7.00000000","s":"ONGBTC","a":2651486,"T":1593552655733,"e":"aggTrade","p":"0.00002747","f":3538306},{"m":false,"E":1593552655748,"l":3538308,"M":true,"q":"253.00000000","s":"ONGBTC","a":2651487,"T":1593552655747,"e":"aggTrade","p":"0.00002750","f":3538307},{"m":true,"E":1593552655750,"l":3538309,"M":true,"q":"89.00000000","s":"ONGBTC","a":2651488,"T":1593552655749,"e":"aggTrade","p":"0.00002747","f":3538309},{"m":false,"E":1593552656136,"l":3538310,"M":true,"q":"201.00000000","s":"ONGBTC","a":2651489,"T":1593552656135,"e":"aggTrade","p":"0.00002750","f":3538310},{"m":false,"E":1593552656279,"l":3538311,"M":true,"q":"174.00000000","s":"ONGBTC","a":2651490,"T":1593552656278,"e":"aggTrade","p":"0.00002750","f":3538311},{"m":false,"E":1593552658341,"l":3538312,"M":true,"q":"173.00000000","s":"ONGBTC","a":2651491,"T":1593552658340,"e":"aggTrade","p":"0.00002750","f":3538312},{"m":true,"E":1593552658556,"l":3538314,"M":true,"q":"69.00000000","s":"ONGBTC","a":2651492,"T":1593552658555,"e":"aggTrade","p":"0.00002739","f":3538313},{"m":false,"E":1593552658581,"l":3538315,"M":true,"q":"1128.00000000","s":"ONGBTC","a":2651493,"T":1593552658580,"e":"aggTrade","p":"0.00002749","f":3538315},{"m":false,"E":1593552659188,"l":3538316,"M":true,"q":"111.00000000","s":"ONGBTC","a":2651494,"T":1593552659187,"e":"aggTrade","p":"0.00002749","f":3538316},{"m":true,"E":1593552659875,"l":3538317,"M":true,"q":"712.00000000","s":"ONGBTC","a":2651495,"T":1593552659874,"e":"aggTrade","p":"0.00002739","f":3538317},{"m":true,"E":1593552660728,"l":3538318,"M":true,"q":"59.00000000","s":"ONGBTC","a":2651496,"T":1593552660727,"e":"aggTrade","p":"0.00002743","f":3538318},{"m":false,"E":1593552661129,"l":3538319,"M":true,"q":"4.00000000","s":"ONGBTC","a":2651497,"T":1593552661128,"e":"aggTrade","p":"0.00002750","f":3538319},{"m":true,"E":1593552662787,"l":3538320,"M":true,"q":"25.00000000","s":"ONGBTC","a":2651498,"T":1593552662786,"e":"aggTrade","p":"0.00002749","f":3538320},{"m":true,"E":1593552662794,"l":3538321,"M":true,"q":"223.00000000","s":"ONGBTC","a":2651499,"T":1593552662793,"e":"aggTrade","p":"0.00002749","f":3538321},{"m":false,"E":1593552663997,"l":3538323,"M":true,"q":"1132.00000000","s":"ONGBTC","a":2651500,"T":1593552663996,"e":"aggTrade","p":"0.00002750","f":3538322},{"m":true,"E":1593552664004,"l":3538324,"M":true,"q":"148.00000000","s":"ONGBTC","a":2651501,"T":1593552664003,"e":"aggTrade","p":"0.00002751","f":3538324},{"m":false,"E":1593552668125,"l":3538325,"M":true,"q":"19.00000000","s":"ONGBTC","a":2651502,"T":1593552668124,"e":"aggTrade","p":"0.00002754","f":3538325},{"m":true,"E":1593552672165,"l":3538326,"M":true,"q":"34.00000000","s":"ONGBTC","a":2651503,"T":1593552672164,"e":"aggTrade","p":"0.00002746","f":3538326},{"m":true,"E":1593552672165,"l":3538336,"M":true,"q":"4308.00000000","s":"ONGBTC","a":2651504,"T":1593552672164,"e":"aggTrade","p":"0.00002743","f":3538327},{"m":false,"E":1593552672176,"l":3538337,"M":true,"q":"36.00000000","s":"ONGBTC","a":2651505,"T":1593552672175,"e":"aggTrade","p":"0.00002740","f":3538337},{"m":false,"E":1593552672177,"l":3538338,"M":true,"q":"622.00000000","s":"ONGBTC","a":2651506,"T":1593552672176,"e":"aggTrade","p":"0.00002740","f":3538338},{"m":true,"E":1593552674187,"l":3538339,"M":true,"q":"30.00000000","s":"ONGBTC","a":2651507,"T":1593552674186,"e":"aggTrade","p":"0.00002741","f":3538339},{"m":true,"E":1593552674189,"l":3538340,"M":true,"q":"30.00000000","s":"ONGBTC","a":2651508,"T":1593552674188,"e":"aggTrade","p":"0.00002741","f":3538340},{"m":true,"E":1593552675155,"l":3538341,"M":true,"q":"269.00000000","s":"ONGBTC","a":2651509,"T":1593552675154,"e":"aggTrade","p":"0.00002743","f":3538341},{"m":true,"E":1593552675998,"l":3538342,"M":true,"q":"472.00000000","s":"ONGBTC","a":2651510,"T":1593552675997,"e":"aggTrade","p":"0.00002742","f":3538342},{"m":true,"E":1593552677340,"l":3538343,"M":true,"q":"57.00000000","s":"ONGBTC","a":2651511,"T":1593552677338,"e":"aggTrade","p":"0.00002753","f":3538343},{"m":false,"E":1593552677778,"l":3538344,"M":true,"q":"9.00000000","s":"ONGBTC","a":2651512,"T":1593552677776,"e":"aggTrade","p":"0.00002754","f":3538344},{"m":false,"E":1593552677778,"l":3538347,"M":true,"q":"51.00000000","s":"ONGBTC","a":2651513,"T":1593552677776,"e":"aggTrade","p":"0.00002755","f":3538345},{"m":false,"E":1593552677778,"l":3538348,"M":true,"q":"14.00000000","s":"ONGBTC","a":2651514,"T":1593552677776,"e":"aggTrade","p":"0.00002756","f":3538348},{"m":false,"E":1593552677778,"l":3538349,"M":true,"q":"9.00000000","s":"ONGBTC","a":2651515,"T":1593552677776,"e":"aggTrade","p":"0.00002758","f":3538349},{"m":false,"E":1593552680315,"l":3538350,"M":true,"q":"7.00000000","s":"ONGBTC","a":2651516,"T":1593552680314,"e":"aggTrade","p":"0.00002758","f":3538350},{"m":true,"E":1593552680323,"l":3538351,"M":true,"q":"36.00000000","s":"ONGBTC","a":2651517,"T":1593552680322,"e":"aggTrade","p":"0.00002758","f":3538351},{"m":true,"E":1593552680328,"l":3538352,"M":true,"q":"30.00000000","s":"ONGBTC","a":2651518,"T":1593552680326,"e":"aggTrade","p":"0.00002758","f":3538352},{"m":true,"E":1593552684060,"l":3538353,"M":true,"q":"53.00000000","s":"ONGBTC","a":2651519,"T":1593552684059,"e":"aggTrade","p":"0.00002751","f":3538353},{"m":false,"E":1593552684082,"l":3538354,"M":true,"q":"15.00000000","s":"ONGBTC","a":2651520,"T":1593552684081,"e":"aggTrade","p":"0.00002760","f":3538354},{"m":true,"E":1593552684182,"l":3538355,"M":true,"q":"473.00000000","s":"ONGBTC","a":2651521,"T":1593552684181,"e":"aggTrade","p":"0.00002751","f":3538355},{"m":false,"E":1593552685102,"l":3538356,"M":true,"q":"181.00000000","s":"ONGBTC","a":2651522,"T":1593552685101,"e":"aggTrade","p":"0.00002760","f":3538356},{"m":false,"E":1593552685834,"l":3538357,"M":true,"q":"2922.00000000","s":"ONGBTC","a":2651523,"T":1593552685833,"e":"aggTrade","p":"0.00002760","f":3538357},{"m":true,"E":1593552685844,"l":3538358,"M":true,"q":"25.00000000","s":"ONGBTC","a":2651524,"T":1593552685843,"e":"aggTrade","p":"0.00002760","f":3538358},{"m":true,"E":1593552685846,"l":3538359,"M":true,"q":"289.00000000","s":"ONGBTC","a":2651525,"T":1593552685844,"e":"aggTrade","p":"0.00002760","f":3538359},{"m":true,"E":1593552685847,"l":3538360,"M":true,"q":"2672.00000000","s":"ONGBTC","a":2651526,"T":1593552685845,"e":"aggTrade","p":"0.00002760","f":3538360},{"m":true,"E":1593552690258,"l":3538361,"M":true,"q":"101.00000000","s":"ONGBTC","a":2651527,"T":1593552690256,"e":"aggTrade","p":"0.00002752","f":3538361},{"m":true,"E":1593552690258,"l":3538363,"M":true,"q":"203.00000000","s":"ONGBTC","a":2651528,"T":1593552690256,"e":"aggTrade","p":"0.00002750","f":3538362},{"m":true,"E":1593552690258,"l":3538364,"M":true,"q":"20.00000000","s":"ONGBTC","a":2651529,"T":1593552690256,"e":"aggTrade","p":"0.00002749","f":3538364},{"m":true,"E":1593552690258,"l":3538365,"M":true,"q":"14.00000000","s":"ONGBTC","a":2651530,"T":1593552690256,"e":"aggTrade","p":"0.00002745","f":3538365},{"m":true,"E":1593552690258,"l":3538366,"M":true,"q":"49.00000000","s":"ONGBTC","a":2651531,"T":1593552690256,"e":"aggTrade","p":"0.00002743","f":3538366},{"m":false,"E":1593552691670,"l":3538367,"M":true,"q":"196.00000000","s":"ONGBTC","a":2651532,"T":1593552691669,"e":"aggTrade","p":"0.00002758","f":3538367},{"m":false,"E":1593552691670,"l":3538368,"M":true,"q":"398.00000000","s":"ONGBTC","a":2651533,"T":1593552691669,"e":"aggTrade","p":"0.00002759","f":3538368},{"m":false,"E":1593552691695,"l":3538369,"M":true,"q":"594.00000000","s":"ONGBTC","a":2651534,"T":1593552691693,"e":"aggTrade","p":"0.00002760","f":3538369},{"m":true,"E":1593552691918,"l":3538370,"M":true,"q":"7574.00000000","s":"ONGBTC","a":2651535,"T":1593552691914,"e":"aggTrade","p":"0.00002748","f":3538370},{"m":true,"E":1593552691918,"l":3538371,"M":true,"q":"1177.00000000","s":"ONGBTC","a":2651536,"T":1593552691914,"e":"aggTrade","p":"0.00002747","f":3538371},{"m":true,"E":1593552691918,"l":3538374,"M":true,"q":"1608.00000000","s":"ONGBTC","a":2651537,"T":1593552691914,"e":"aggTrade","p":"0.00002746","f":3538372},{"m":true,"E":1593552691918,"l":3538375,"M":true,"q":"449.00000000","s":"ONGBTC","a":2651538,"T":1593552691914,"e":"aggTrade","p":"0.00002743","f":3538375},{"m":true,"E":1593552691918,"l":3538376,"M":true,"q":"16.00000000","s":"ONGBTC","a":2651539,"T":1593552691914,"e":"aggTrade","p":"0.00002742","f":3538376},{"m":true,"E":1593552691918,"l":3538377,"M":true,"q":"32.00000000","s":"ONGBTC","a":2651540,"T":1593552691914,"e":"aggTrade","p":"0.00002741","f":3538377},{"m":true,"E":1593552691918,"l":3538380,"M":true,"q":"13680.00000000","s":"ONGBTC","a":2651541,"T":1593552691914,"e":"aggTrade","p":"0.00002740","f":3538378},{"m":true,"E":1593552691918,"l":3538384,"M":true,"q":"17958.00000000","s":"ONGBTC","a":2651542,"T":1593552691914,"e":"aggTrade","p":"0.00002739","f":3538381},{"m":true,"E":1593552691918,"l":3538391,"M":true,"q":"15408.00000000","s":"ONGBTC","a":2651543,"T":1593552691914,"e":"aggTrade","p":"0.00002738","f":3538385},{"m":true,"E":1593552691977,"l":3538393,"M":true,"q":"74.00000000","s":"ONGBTC","a":2651544,"T":1593552691975,"e":"aggTrade","p":"0.00002737","f":3538392},{"m":true,"E":1593552691977,"l":3538394,"M":true,"q":"60.00000000","s":"ONGBTC","a":2651545,"T":1593552691975,"e":"aggTrade","p":"0.00002735","f":3538394},{"m":true,"E":1593552691977,"l":3538395,"M":true,"q":"7.00000000","s":"ONGBTC","a":2651546,"T":1593552691975,"e":"aggTrade","p":"0.00002734","f":3538395},{"m":true,"E":1593552691977,"l":3538401,"M":true,"q":"27776.00000000","s":"ONGBTC","a":2651547,"T":1593552691975,"e":"aggTrade","p":"0.00002733","f":3538396},{"m":true,"E":1593552691977,"l":3538402,"M":true,"q":"150.00000000","s":"ONGBTC","a":2651548,"T":1593552691975,"e":"aggTrade","p":"0.00002733","f":3538402},{"m":true,"E":1593552691977,"l":3538406,"M":true,"q":"27917.00000000","s":"ONGBTC","a":2651549,"T":1593552691975,"e":"aggTrade","p":"0.00002733","f":3538403},{"m":false,"E":1593552691995,"l":3538407,"M":true,"q":"1.00000000","s":"ONGBTC","a":2651550,"T":1593552691993,"e":"aggTrade","p":"0.00002739","f":3538407},{"m":true,"E":1593552691997,"l":3538410,"M":true,"q":"8702.00000000","s":"ONGBTC","a":2651551,"T":1593552691995,"e":"aggTrade","p":"0.00002733","f":3538408},{"m":true,"E":1593552691998,"l":3538411,"M":true,"q":"14775.00000000","s":"ONGBTC","a":2651552,"T":1593552691997,"e":"aggTrade","p":"0.00002733","f":3538411},{"m":true,"E":1593552692001,"l":3538412,"M":true,"q":"12.00000000","s":"ONGBTC","a":2651553,"T":1593552691999,"e":"aggTrade","p":"0.00002733","f":3538412},{"m":true,"E":1593552692004,"l":3538415,"M":true,"q":"2671.00000000","s":"ONGBTC","a":2651554,"T":1593552692003,"e":"aggTrade","p":"0.00002733","f":3538413},{"m":true,"E":1593552692041,"l":3538416,"M":true,"q":"9200.00000000","s":"ONGBTC","a":2651555,"T":1593552692040,"e":"aggTrade","p":"0.00002733","f":3538416},{"m":false,"E":1593552692047,"l":3538417,"M":true,"q":"1177.00000000","s":"ONGBTC","a":2651556,"T":1593552692041,"e":"aggTrade","p":"0.00002758","f":3538417},{"m":false,"E":1593552692047,"l":3538418,"M":true,"q":"197.00000000","s":"ONGBTC","a":2651557,"T":1593552692041,"e":"aggTrade","p":"0.00002759","f":3538418},{"m":false,"E":1593552692047,"l":3538419,"M":true,"q":"504.00000000","s":"ONGBTC","a":2651558,"T":1593552692041,"e":"aggTrade","p":"0.00002760","f":3538419},{"m":false,"E":1593552692047,"l":3538429,"M":true,"q":"151.00000000","s":"ONGBTC","a":2651559,"T":1593552692041,"e":"aggTrade","p":"0.00002761","f":3538420},{"m":false,"E":1593552692047,"l":3538434,"M":true,"q":"1549.00000000","s":"ONGBTC","a":2651560,"T":1593552692041,"e":"aggTrade","p":"0.00002762","f":3538430},{"m":false,"E":1593552692047,"l":3538457,"M":true,"q":"1481.00000000","s":"ONGBTC","a":2651561,"T":1593552692041,"e":"aggTrade","p":"0.00002763","f":3538435},{"m":false,"E":1593552692047,"l":3538458,"M":true,"q":"32.00000000","s":"ONGBTC","a":2651562,"T":1593552692041,"e":"aggTrade","p":"0.00002764","f":3538458},{"m":false,"E":1593552692047,"l":3538461,"M":true,"q":"26.00000000","s":"ONGBTC","a":2651563,"T":1593552692041,"e":"aggTrade","p":"0.00002765","f":3538459},{"m":false,"E":1593552692047,"l":3538462,"M":true,"q":"9.00000000","s":"ONGBTC","a":2651564,"T":1593552692041,"e":"aggTrade","p":"0.00002766","f":3538462},{"m":false,"E":1593552692047,"l":3538465,"M":true,"q":"2622.00000000","s":"ONGBTC","a":2651565,"T":1593552692041,"e":"aggTrade","p":"0.00002767","f":3538463},{"m":false,"E":1593552692047,"l":3538468,"M":true,"q":"184.00000000","s":"ONGBTC","a":2651566,"T":1593552692041,"e":"aggTrade","p":"0.00002768","f":3538466},{"m":false,"E":1593552692047,"l":3538489,"M":true,"q":"963.00000000","s":"ONGBTC","a":2651567,"T":1593552692041,"e":"aggTrade","p":"0.00002769","f":3538469},{"m":false,"E":1593552692047,"l":3538490,"M":true,"q":"28.00000000","s":"ONGBTC","a":2651568,"T":1593552692041,"e":"aggTrade","p":"0.00002770","f":3538490},{"m":false,"E":1593552692047,"l":3538501,"M":true,"q":"740.00000000","s":"ONGBTC","a":2651569,"T":1593552692041,"e":"aggTrade","p":"0.00002771","f":3538491},{"m":false,"E":1593552692047,"l":3538503,"M":true,"q":"245.00000000","s":"ONGBTC","a":2651570,"T":1593552692041,"e":"aggTrade","p":"0.00002772","f":3538502},{"m":false,"E":1593552692047,"l":3538510,"M":true,"q":"64.00000000","s":"ONGBTC","a":2651571,"T":1593552692041,"e":"aggTrade","p":"0.00002773","f":3538504},{"m":false,"E":1593552692047,"l":3538520,"M":true,"q":"3801.00000000","s":"ONGBTC","a":2651572,"T":1593552692041,"e":"aggTrade","p":"0.00002774","f":3538511},{"m":true,"E":1593552692729,"l":3538521,"M":true,"q":"524.00000000","s":"ONGBTC","a":2651573,"T":1593552692728,"e":"aggTrade","p":"0.00002739","f":3538521},{"m":true,"E":1593552692729,"l":3538523,"M":true,"q":"916.00000000","s":"ONGBTC","a":2651574,"T":1593552692728,"e":"aggTrade","p":"0.00002736","f":3538522},{"m":true,"E":1593552694016,"l":3538525,"M":true,"q":"159.00000000","s":"ONGBTC","a":2651575,"T":1593552694014,"e":"aggTrade","p":"0.00002737","f":3538524},{"m":false,"E":1593552694256,"l":3538526,"M":true,"q":"28.00000000","s":"ONGBTC","a":2651576,"T":1593552694255,"e":"aggTrade","p":"0.00002744","f":3538526},{"m":false,"E":1593552694286,"l":3538527,"M":true,"q":"32.00000000","s":"ONGBTC","a":2651577,"T":1593552694285,"e":"aggTrade","p":"0.00002744","f":3538527},{"m":false,"E":1593552694290,"l":3538528,"M":true,"q":"16.00000000","s":"ONGBTC","a":2651578,"T":1593552694289,"e":"aggTrade","p":"0.00002744","f":3538528},{"m":false,"E":1593552694342,"l":3538529,"M":true,"q":"9.00000000","s":"ONGBTC","a":2651579,"T":1593552694341,"e":"aggTrade","p":"0.00002744","f":3538529},{"m":false,"E":1593552694399,"l":3538530,"M":true,"q":"10.00000000","s":"ONGBTC","a":2651580,"T":1593552694398,"e":"aggTrade","p":"0.00002744","f":3538530},{"m":false,"E":1593552694461,"l":3538531,"M":true,"q":"32.00000000","s":"ONGBTC","a":2651581,"T":1593552694459,"e":"aggTrade","p":"0.00002744","f":3538531},{"m":false,"E":1593552694463,"l":3538532,"M":true,"q":"28.00000000","s":"ONGBTC","a":2651582,"T":1593552694462,"e":"aggTrade","p":"0.00002744","f":3538532},{"m":true,"E":1593552694553,"l":3538534,"M":true,"q":"43.00000000","s":"ONGBTC","a":2651583,"T":1593552694552,"e":"aggTrade","p":"0.00002738","f":3538533},{"m":true,"E":1593552694553,"l":3538535,"M":true,"q":"70.00000000","s":"ONGBTC","a":2651584,"T":1593552694552,"e":"aggTrade","p":"0.00002737","f":3538535},{"m":false,"E":1593552694566,"l":3538536,"M":true,"q":"14.00000000","s":"ONGBTC","a":2651585,"T":1593552694565,"e":"aggTrade","p":"0.00002744","f":3538536},{"m":false,"E":1593552694774,"l":3538537,"M":true,"q":"14.00000000","s":"ONGBTC","a":2651586,"T":1593552694773,"e":"aggTrade","p":"0.00002744","f":3538537},{"m":false,"E":1593552694935,"l":3538538,"M":true,"q":"12.00000000","s":"ONGBTC","a":2651587,"T":1593552694934,"e":"aggTrade","p":"0.00002744","f":3538538},{"m":false,"E":1593552695041,"l":3538539,"M":true,"q":"14.00000000","s":"ONGBTC","a":2651588,"T":1593552695040,"e":"aggTrade","p":"0.00002744","f":3538539},{"m":false,"E":1593552695059,"l":3538540,"M":true,"q":"10.00000000","s":"ONGBTC","a":2651589,"T":1593552695058,"e":"aggTrade","p":"0.00002744","f":3538540},{"m":false,"E":1593552695794,"l":3538542,"M":true,"q":"87.00000000","s":"ONGBTC","a":2651590,"T":1593552695793,"e":"aggTrade","p":"0.00002744","f":3538541},{"m":false,"E":1593552697753,"l":3538543,"M":true,"q":"14.00000000","s":"ONGBTC","a":2651591,"T":1593552697751,"e":"aggTrade","p":"0.00002750","f":3538543},{"m":false,"E":1593552697753,"l":3538544,"M":true,"q":"28.00000000","s":"ONGBTC","a":2651592,"T":1593552697751,"e":"aggTrade","p":"0.00002754","f":3538544},{"m":false,"E":1593552697753,"l":3538548,"M":true,"q":"63.00000000","s":"ONGBTC","a":2651593,"T":1593552697751,"e":"aggTrade","p":"0.00002755","f":3538545},{"m":false,"E":1593552697753,"l":3538549,"M":true,"q":"14.00000000","s":"ONGBTC","a":2651594,"T":1593552697751,"e":"aggTrade","p":"0.00002756","f":3538549},{"m":false,"E":1593552697753,"l":3538551,"M":true,"q":"1184.00000000","s":"ONGBTC","a":2651595,"T":1593552697751,"e":"aggTrade","p":"0.00002758","f":3538550},{"m":false,"E":1593552705605,"l":3538552,"M":true,"q":"6.00000000","s":"ONGBTC","a":2651596,"T":1593552705604,"e":"aggTrade","p":"0.00002761","f":3538552},{"m":false,"E":1593552706925,"l":3538553,"M":true,"q":"363.00000000","s":"ONGBTC","a":2651597,"T":1593552706924,"e":"aggTrade","p":"0.00002761","f":3538553},{"m":true,"E":1593552708575,"l":3538555,"M":true,"q":"1364.00000000","s":"ONGBTC","a":2651598,"T":1593552708573,"e":"aggTrade","p":"0.00002752","f":3538554},{"m":true,"E":1593552708575,"l":3538556,"M":true,"q":"198.00000000","s":"ONGBTC","a":2651599,"T":1593552708573,"e":"aggTrade","p":"0.00002749","f":3538556},{"m":true,"E":1593552708575,"l":3538566,"M":true,"q":"1181.00000000","s":"ONGBTC","a":2651600,"T":1593552708573,"e":"aggTrade","p":"0.00002747","f":3538557},{"m":true,"E":1593552708575,"l":3538567,"M":true,"q":"1437.00000000","s":"ONGBTC","a":2651601,"T":1593552708573,"e":"aggTrade","p":"0.00002746","f":3538567},{"m":false,"E":1593552709430,"l":3538568,"M":true,"q":"198.00000000","s":"ONGBTC","a":2651602,"T":1593552709429,"e":"aggTrade","p":"0.00002760","f":3538568},{"m":true,"E":1593552709437,"l":3538569,"M":true,"q":"20.00000000","s":"ONGBTC","a":2651603,"T":1593552709436,"e":"aggTrade","p":"0.00002761","f":3538569},{"m":false,"E":1593552715849,"l":3538578,"M":true,"q":"54.00000000","s":"ONGBTC","a":2651604,"T":1593552715848,"e":"aggTrade","p":"0.00002758","f":3538570},{"m":false,"E":1593552721138,"l":3538579,"M":true,"q":"251.00000000","s":"ONGBTC","a":2651605,"T":1593552721136,"e":"aggTrade","p":"0.00002761","f":3538579},{"m":false,"E":1593552721145,"l":3538580,"M":true,"q":"106.00000000","s":"ONGBTC","a":2651606,"T":1593552721144,"e":"aggTrade","p":"0.00002761","f":3538580},{"m":true,"E":1593552721152,"l":3538581,"M":true,"q":"50.00000000","s":"ONGBTC","a":2651607,"T":1593552721151,"e":"aggTrade","p":"0.00002761","f":3538581},{"m":false,"E":1593552722665,"l":3538582,"M":true,"q":"7.00000000","s":"ONGBTC","a":2651608,"T":1593552722664,"e":"aggTrade","p":"0.00002757","f":3538582},{"m":false,"E":1593552726906,"l":3538584,"M":true,"q":"48.00000000","s":"ONGBTC","a":2651609,"T":1593552726905,"e":"aggTrade","p":"0.00002762","f":3538583},{"m":false,"E":1593552727720,"l":3538585,"M":true,"q":"28.00000000","s":"ONGBTC","a":2651610,"T":1593552727719,"e":"aggTrade","p":"0.00002763","f":3538585},{"m":false,"E":1593552728737,"l":3538586,"M":true,"q":"32.00000000","s":"ONGBTC","a":2651611,"T":1593552728736,"e":"aggTrade","p":"0.00002764","f":3538586},{"m":true,"E":1593552729007,"l":3538587,"M":true,"q":"39.00000000","s":"ONGBTC","a":2651612,"T":1593552729006,"e":"aggTrade","p":"0.00002764","f":3538587},{"m":false,"E":1593552734173,"l":3538589,"M":true,"q":"19.00000000","s":"ONGBTC","a":2651613,"T":1593552734172,"e":"aggTrade","p":"0.00002765","f":3538588},{"m":false,"E":1593552734213,"l":3538590,"M":true,"q":"9.00000000","s":"ONGBTC","a":2651614,"T":1593552734212,"e":"aggTrade","p":"0.00002766","f":3538590},{"m":false,"E":1593552734380,"l":3538592,"M":true,"q":"26.00000000","s":"ONGBTC","a":2651615,"T":1593552734379,"e":"aggTrade","p":"0.00002768","f":3538591}