[{"peak":"","transactionList":[]},{"peak":"-5.40008745|3142,5.56163784|4620,-6.48127874|2370,3.27033340|1290,-10.32066256|4620,5.95553743|2640,-4.26269631|1740,3.23101777|540,-5.02827141|990,3.37904989|930,-5.70463129|1080,15.38294641|2910,-5.07702322|90,4.78147988|750,-7.91864994|1350,11.36414378|480","transactionList":[{},{},{},{},{},{},{},{},{},{},{},{},{},{},{},{}]},{"peak":"3.65853659|95,-4.47154472|762,3.83838384|1428,-5.65656566|1050,13.69565217|4560,-7.17391304|1140,10.04464286|3720,-7.58928571|600,9.29705215|4620,-13.15192744|7380,11.13585746|1680,-9.13140312|1800,3.81355932|840","transactionList":[{},{},{},{},{},{},{},{},{},{},{},{},{}]},{"peak":"3.96951413|96,-7.87551604|1195,11.66995398|957,-10.48652202|2319,8.00128535|720,-7.35861183|1230,8.40363400|1320,-14.43867618|1080,5.09535161|360,-5.84028605|420,7.63636364|90,-6.30303030|420,5.44033664|1290,-6.25187857|870,12.07989854|630,-6.15091947|330,16.37122002|1020,-4.48383733|180,16.55680496|2340,-4.61419155|720,7.66161213|810,-4.07023144|1920,6.01626016|3810,-5.20325203|480,6.23973727|540,-7.43021346|870,10.88983051|930,-9.02542373|1770,5.36445536|1080,3.96951413|96","transactionList":[{},{},{},{},{},{},{},{},{},{},{},{},{},{},{},{},{},{},{},{},{},{},{},{},{},{},{},{},{},[{"m":false,"l":4335109,"M":true,"q":"692.00000000","a":3058350,"T":1592674574425,"p":"0.00001634","f":4335107},{"m":false,"l":4335110,"M":true,"q":"100.00000000","a":3058351,"T":1592674574425,"p":"0.00001635","f":4335110},{"m":false,"l":4335117,"M":true,"q":"5468.00000000","a":3058352,"T":1592674574425,"p":"0.00001637","f":4335111}]]},{"peak":"","transactionList":[]},{"peak":"-7.86397450|742,7.67326733|686,-4.84441301|492,5.29119318|576,-7.70596591|192,4.22680412|204,-4.70790378|309,8.93814802|870,-3.28923847|180,6.60516605|450,-5.01845018|420,17.26411207|2940,-17.59373712|2640,11.35388217|990,-4.52594616|300,11.20797011|810,-15.15151515|2880,8.91244601|3090,-4.75068708|1080,5.20504732|1200,-11.79022082|4620,3.27868852|120,-3.64298725|120,15.22883759|690,-3.11867153|510,6.39364814|90,-10.23819473|270,8.42581176|810,-4.76777641|930,-7.86397450|742","transactionList":[{},{},{},{},{},{},{},{},{},{},{},{},{},{},{},{},{},{},{},{},{},{},{},{},{},{},{},{},{},[{"m":true,"l":3195380,"M":true,"q":"3413.00000000","a":2424324,"T":1592686286834,"p":"0.00001411","f":3195380},{"m":true,"l":3195381,"M":true,"q":"12.00000000","a":2424325,"T":1592686288029,"p":"0.00001411","f":3195381},{"m":true,"l":3195382,"M":true,"q":"141.00000000","a":2424326,"T":1592686310572,"p":"0.00001412","f":3195382},{"m":true,"l":3195383,"M":true,"q":"189.00000000","a":2424327,"T":1592686310572,"p":"0.00001411","f":3195383}]]},{"peak":"-5.00000000|933,6.98113208|537,-3.58490566|468,5.37428023|441,-6.71785029|627,9.44881890|3000,-3.34645669|600,5.21042084|960,-13.22645291|4560,5.01858736|990,-11.33828996|930,8.51449275|4650,-11.77536232|5310,7.30434783|840,-3.13043478|1110,3.49040140|210,-3.49040140|120,3.13043478|840,-10.08695652|810,3.94088670|570,-5.09031199|150,4.40456770|420,-4.89396411|390,10.48109966|450","transactionList":[{},{},{},{},{},{},{},{},{},{},{},{},{},{},{},{},{},{},{},{},{},{},{},{}]},{"peak":"3.19488818|332,-5.11182109|148,3.13479624|94,-7.99373041|530,3.92156863|372,-3.31825038|48,4.26179604|60,-3.95738204|90,6.05590062|114,-5.12422360|327,11.53212521|336,-9.71993410|294,7.07395498|117,-3.53697749|75,13.18101933|2790,-3.33919156|570,4.07079646|870,-4.60176991|330,7.25952813|570,-12.88566243|1050,3.32225914|90,-5.31561462|1080,10.83916084|1470,-8.91608392|570,3.66056572|390,-8.15307820|120,5.34846029|180,-3.24149109|60,5.63847430|150,-4.80928690|30,10.48951049|600,-3.84615385|150,8.99082569|540,-3.48623853|30,6.21468927|240,-6.59133710|780,13.20000000|1470,-5.80000000|1470,10.43841336|240,-8.14196242|600,3.39321357|300,-3.19361277|180,4.44444444|540,-6.86868687|450,3.52250489|150,-8.21917808|360,30.73286052|1380,-11.11111111|1170,5.38116592|210,-3.81165919|300,6.68202765|150,-5.99078341|510,13.02211302|540,-4.17690418|270,13.67292225|780,-8.04289544|630,6.89655172|1380,-7.16180371|960,4.93506494|360,8.14696486|556","transactionList":[{},{},{},{},{},{},{},{},{},{},{},{},{},{},{},{},{},{},{},{},{},{},{},{},{},{},{},{},{},{},{},{},{},{},{},{},{},{},{},{},{},{},{},{},{},{},{},{},{},{},{},{},{},{},{},{},{},{},{},[{"m":true,"E":1592700062535,"l":1720376,"M":true,"q":"4700.00000000","s":"NKNBTC","a":954992,"T":1592700062530,"e":"aggTrade","p":"0.00000330","f":1720372},{"m":true,"E":1592700062535,"l":1720381,"M":true,"q":"8796.00000000","s":"NKNBTC","a":954993,"T":1592700062530,"e":"aggTrade","p":"0.00000329","f":1720377},{"m":true,"E":1592700062535,"l":1720389,"M":true,"q":"9492.00000000","s":"NKNBTC","a":954994,"T":1592700062530,"e":"aggTrade","p":"0.00000328","f":1720382},{"m":false,"E":1592700066808,"l":1720390,"M":true,"q":"31.00000000","s":"NKNBTC","a":954995,"T":1592700066807,"e":"aggTrade","p":"0.00000330","f":1720390},{"m":false,"E":1592700067093,"l":1720391,"M":true,"q":"31.00000000","s":"NKNBTC","a":954996,"T":1592700067091,"e":"aggTrade","p":"0.00000330","f":1720391},{"m":false,"E":1592700071132,"l":1720392,"M":true,"q":"1253.00000000","s":"NKNBTC","a":954997,"T":1592700071131,"e":"aggTrade","p":"0.00000330","f":1720392},{"m":false,"E":1592700079187,"l":1720394,"M":true,"q":"2778.00000000","s":"NKNBTC","a":954998,"T":1592700079186,"e":"aggTrade","p":"0.00000330","f":1720393},{"m":false,"E":1592700079187,"l":1720395,"M":true,"q":"52.00000000","s":"NKNBTC","a":954999,"T":1592700079186,"e":"aggTrade","p":"0.00000331","f":1720395},{"m":false,"E":1592700099296,"l":1720396,"M":true,"q":"321.00000000","s":"NKNBTC","a":955000,"T":1592700099217,"e":"aggTrade","p":"0.00000330","f":1720396},{"m":false,"E":1592700099296,"l":1720399,"M":true,"q":"4895.00000000","s":"NKNBTC","a":955001,"T":1592700099217,"e":"aggTrade","p":"0.00000331","f":1720397},{"m":false,"E":1592700099296,"l":1720418,"M":true,"q":"125266.00000000","s":"NKNBTC","a":955002,"T":1592700099217,"e":"aggTrade","p":"0.00000332","f":1720400},{"m":false,"E":1592700099296,"l":1720427,"M":true,"q":"5567.00000000","s":"NKNBTC","a":955003,"T":1592700099217,"e":"aggTrade","p":"0.00000333","f":1720419},{"m":false,"E":1592700099296,"l":1720435,"M":true,"q":"38491.00000000","s":"NKNBTC","a":955004,"T":1592700099217,"e":"aggTrade","p":"0.00000334","f":1720428},{"m":false,"E":1592700099296,"l":1720440,"M":true,"q":"39584.00000000","s":"NKNBTC","a":955005,"T":1592700099217,"e":"aggTrade","p":"0.00000335","f":1720436},{"m":false,"E":1592700099296,"l":1720451,"M":true,"q":"77217.00000000","s":"NKNBTC","a":955006,"T":1592700099217,"e":"aggTrade","p":"0.00000336","f":1720441},{"m":false,"E":1592700099296,"l":1720460,"M":true,"q":"44507.00000000","s":"NKNBTC","a":955007,"T":1592700099217,"e":"aggTrade","p":"0.00000337","f":1720452},{"m":false,"E":1592700099357,"l":1720462,"M":true,"q":"390.00000000","s":"NKNBTC","a":955008,"T":1592700099245,"e":"aggTrade","p":"0.00000338","f":1720461},{"m":false,"E":1592700099419,"l":1720467,"M":true,"q":"25288.00000000","s":"NKNBTC","a":955009,"T":1592700099304,"e":"aggTrade","p":"0.00000338","f":1720463},{"m":false,"E":1592700099453,"l":1720469,"M":true,"q":"393.00000000","s":"NKNBTC","a":955010,"T":1592700099334,"e":"aggTrade","p":"0.00000338","f":1720468},{"m":false,"E":1592700099453,"l":1720473,"M":true,"q":"2800.00000000","s":"NKNBTC","a":955011,"T":1592700099334,"e":"aggTrade","p":"0.00000339","f":1720470},{"m":true,"E":1592700099469,"l":1720474,"M":true,"q":"2300.00000000","s":"NKNBTC","a":955012,"T":1592700099353,"e":"aggTrade","p":"0.00000337","f":1720474},{"m":true,"E":1592700099469,"l":1720475,"M":true,"q":"4093.00000000","s":"NKNBTC","a":955013,"T":1592700099353,"e":"aggTrade","p":"0.00000336","f":1720475},{"m":true,"E":1592700099469,"l":1720479,"M":true,"q":"22340.00000000","s":"NKNBTC","a":955014,"T":1592700099353,"e":"aggTrade","p":"0.00000330","f":1720476},{"m":true,"E":1592700099469,"l":1720486,"M":true,"q":"41667.00000000","s":"NKNBTC","a":955015,"T":1592700099353,"e":"aggTrade","p":"0.00000329","f":1720480},{"m":true,"E":1592700099621,"l":1720487,"M":true,"q":"3145.00000000","s":"NKNBTC","a":955016,"T":1592700099486,"e":"aggTrade","p":"0.00000334","f":1720487},{"m":true,"E":1592700099626,"l":1720488,"M":true,"q":"1455.00000000","s":"NKNBTC","a":955017,"T":1592700099489,"e":"aggTrade","p":"0.00000334","f":1720488},{"m":true,"E":1592700099626,"l":1720490,"M":true,"q":"2757.00000000","s":"NKNBTC","a":955018,"T":1592700099489,"e":"aggTrade","p":"0.00000333","f":1720489},{"m":true,"E":1592700099631,"l":1720491,"M":true,"q":"390.00000000","s":"NKNBTC","a":955019,"T":1592700099495,"e":"aggTrade","p":"0.00000333","f":1720491},{"m":true,"E":1592700099644,"l":1720492,"M":true,"q":"1602.00000000","s":"NKNBTC","a":955020,"T":1592700099510,"e":"aggTrade","p":"0.00000333","f":1720492},{"m":true,"E":1592700099644,"l":1720494,"M":true,"q":"1872.00000000","s":"NKNBTC","a":955021,"T":1592700099510,"e":"aggTrade","p":"0.00000332","f":1720493},{"m":true,"E":1592700099740,"l":1720500,"M":true,"q":"6393.00000000","s":"NKNBTC","a":955022,"T":1592700099611,"e":"aggTrade","p":"0.00000332","f":1720495},{"m":false,"E":1592700099743,"l":1720502,"M":true,"q":"6400.00000000","s":"NKNBTC","a":955023,"T":1592700099613,"e":"aggTrade","p":"0.00000335","f":1720501},{"m":true,"E":1592700099889,"l":1720503,"M":true,"q":"384.00000000","s":"NKNBTC","a":955024,"T":1592700099786,"e":"aggTrade","p":"0.00000333","f":1720503},{"m":true,"E":1592700100023,"l":1720504,"M":true,"q":"4350.00000000","s":"NKNBTC","a":955025,"T":1592700099954,"e":"aggTrade","p":"0.00000333","f":1720504},{"m":true,"E":1592700100036,"l":1720505,"M":true,"q":"3795.00000000","s":"NKNBTC","a":955026,"T":1592700099965,"e":"aggTrade","p":"0.00000333","f":1720505},{"m":true,"E":1592700100140,"l":1720506,"M":true,"q":"384.00000000","s":"NKNBTC","a":955027,"T":1592700100086,"e":"aggTrade","p":"0.00000333","f":1720506},{"m":true,"E":1592700100270,"l":1720507,"M":true,"q":"384.00000000","s":"NKNBTC","a":955028,"T":1592700100249,"e":"aggTrade","p":"0.00000333","f":1720507},{"m":true,"E":1592700100407,"l":1720508,"M":true,"q":"2239.00000000","s":"NKNBTC","a":955029,"T":1592700100405,"e":"aggTrade","p":"0.00000333","f":1720508},{"m":false,"E":1592700100421,"l":1720511,"M":true,"q":"7212.00000000","s":"NKNBTC","a":955030,"T":1592700100417,"e":"aggTrade","p":"0.00000335","f":1720509},{"m":false,"E":1592700100421,"l":1720514,"M":true,"q":"1510.00000000","s":"NKNBTC","a":955031,"T":1592700100417,"e":"aggTrade","p":"0.00000336","f":1720512},{"m":false,"E":1592700100421,"l":1720516,"M":true,"q":"15650.00000000","s":"NKNBTC","a":955032,"T":1592700100417,"e":"aggTrade","p":"0.00000337","f":1720515},{"m":false,"E":1592700100421,"l":1720517,"M":true,"q":"28.00000000","s":"NKNBTC","a":955033,"T":1592700100417,"e":"aggTrade","p":"0.00000338","f":1720517},{"m":false,"E":1592700100942,"l":1720518,"M":true,"q":"4424.00000000","s":"NKNBTC","a":955034,"T":1592700100941,"e":"aggTrade","p":"0.00000337","f":1720518},{"m":false,"E":1592700100958,"l":1720519,"M":true,"q":"900.00000000","s":"NKNBTC","a":955035,"T":1592700100957,"e":"aggTrade","p":"0.00000337","f":1720519},{"m":false,"E":1592700101131,"l":1720520,"M":true,"q":"5812.00000000","s":"NKNBTC","a":955036,"T":1592700101129,"e":"aggTrade","p":"0.00000337","f":1720520},{"m":false,"E":1592700101131,"l":1720524,"M":true,"q":"5788.00000000","s":"NKNBTC","a":955037,"T":1592700101129,"e":"aggTrade","p":"0.00000338","f":1720521},{"m":false,"E":1592700101639,"l":1720525,"M":true,"q":"64.00000000","s":"NKNBTC","a":955038,"T":1592700101637,"e":"aggTrade","p":"0.00000338","f":1720525},{"m":false,"E":1592700101639,"l":1720526,"M":true,"q":"2175.00000000","s":"NKNBTC","a":955039,"T":1592700101637,"e":"aggTrade","p":"0.00000339","f":1720526},{"m":true,"E":1592700101644,"l":1720527,"M":true,"q":"2300.00000000","s":"NKNBTC","a":955040,"T":1592700101643,"e":"aggTrade","p":"0.00000338","f":1720527},{"m":true,"E":1592700101659,"l":1720528,"M":true,"q":"2300.00000000","s":"NKNBTC","a":955041,"T":1592700101650,"e":"aggTrade","p":"0.00000338","f":1720528},{"m":true,"E":1592700101659,"l":1720529,"M":true,"q":"1151.00000000","s":"NKNBTC","a":955042,"T":1592700101650,"e":"aggTrade","p":"0.00000338","f":1720529},{"m":true,"E":1592700101889,"l":1720530,"M":true,"q":"31.00000000","s":"NKNBTC","a":955043,"T":1592700101888,"e":"aggTrade","p":"0.00000337","f":1720530},{"m":false,"E":1592700102332,"l":1720531,"M":true,"q":"4400.00000000","s":"NKNBTC","a":955044,"T":1592700102331,"e":"aggTrade","p":"0.00000338","f":1720531},{"m":true,"E":1592700102567,"l":1720533,"M":true,"q":"4093.00000000","s":"NKNBTC","a":955045,"T":1592700102566,"e":"aggTrade","p":"0.00000338","f":1720532},{"m":true,"E":1592700102889,"l":1720534,"M":true,"q":"1664.00000000","s":"NKNBTC","a":955046,"T":1592700102888,"e":"aggTrade","p":"0.00000338","f":1720534},{"m":true,"E":1592700102889,"l":1720535,"M":true,"q":"683.00000000","s":"NKNBTC","a":955047,"T":1592700102888,"e":"aggTrade","p":"0.00000337","f":1720535},{"m":false,"E":1592700103022,"l":1720537,"M":true,"q":"6901.00000000","s":"NKNBTC","a":955048,"T":1592700103021,"e":"aggTrade","p":"0.00000338","f":1720536},{"m":true,"E":1592700103536,"l":1720538,"M":true,"q":"1287.00000000","s":"NKNBTC","a":955049,"T":1592700103535,"e":"aggTrade","p":"0.00000338","f":1720538},{"m":true,"E":1592700104239,"l":1720539,"M":true,"q":"64.00000000","s":"NKNBTC","a":955050,"T":1592700104238,"e":"aggTrade","p":"0.00000338","f":1720539},{"m":true,"E":1592700105736,"l":1720541,"M":true,"q":"2116.00000000","s":"NKNBTC","a":955051,"T":1592700105734,"e":"aggTrade","p":"0.00000338","f":1720540},{"m":false,"E":1592700108370,"l":1720542,"M":true,"q":"6760.00000000","s":"NKNBTC","a":955052,"T":1592700108369,"e":"aggTrade","p":"0.00000339","f":1720542},{"m":false,"E":1592700111468,"l":1720543,"M":true,"q":"30.00000000","s":"NKNBTC","a":955053,"T":1592700111467,"e":"aggTrade","p":"0.00000339","f":1720543},{"m":false,"E":1592700111511,"l":1720544,"M":true,"q":"30.00000000","s":"NKNBTC","a":955054,"T":1592700111510,"e":"aggTrade","p":"0.00000339","f":1720544},{"m":false,"E":1592700111517,"l":1720545,"M":true,"q":"30.00000000","s":"NKNBTC","a":955055,"T":1592700111515,"e":"aggTrade","p":"0.00000339","f":1720545},{"m":false,"E":1592700111541,"l":1720546,"M":true,"q":"45.00000000","s":"NKNBTC","a":955056,"T":1592700111540,"e":"aggTrade","p":"0.00000339","f":1720546},{"m":false,"E":1592700111565,"l":1720547,"M":true,"q":"59.00000000","s":"NKNBTC","a":955057,"T":1592700111563,"e":"aggTrade","p":"0.00000339","f":1720547},{"m":false,"E":1592700111613,"l":1720548,"M":true,"q":"59.00000000","s":"NKNBTC","a":955058,"T":1592700111612,"e":"aggTrade","p":"0.00000339","f":1720548},{"m":false,"E":1592700111689,"l":1720549,"M":true,"q":"59.00000000","s":"NKNBTC","a":955059,"T":1592700111688,"e":"aggTrade","p":"0.00000339","f":1720549},{"m":false,"E":1592700111763,"l":1720550,"M":true,"q":"590.00000000","s":"NKNBTC","a":955060,"T":1592700111761,"e":"aggTrade","p":"0.00000339","f":1720550},{"m":false,"E":1592700111878,"l":1720551,"M":true,"q":"59.00000000","s":"NKNBTC","a":955061,"T":1592700111877,"e":"aggTrade","p":"0.00000339","f":1720551},{"m":false,"E":1592700111926,"l":1720552,"M":true,"q":"59.00000000","s":"NKNBTC","a":955062,"T":1592700111925,"e":"aggTrade","p":"0.00000339","f":1720552},{"m":false,"E":1592700112098,"l":1720553,"M":true,"q":"59.00000000","s":"NKNBTC","a":955063,"T":1592700112096,"e":"aggTrade","p":"0.00000339","f":1720553},{"m":false,"E":1592700112143,"l":1720554,"M":true,"q":"2950.00000000","s":"NKNBTC","a":955064,"T":1592700112142,"e":"aggTrade","p":"0.00000339","f":1720554},{"m":true,"E":1592700113929,"l":1720555,"M":true,"q":"132.00000000","s":"NKNBTC","a":955065,"T":1592700113928,"e":"aggTrade","p":"0.00000338","f":1720555},{"m":true,"E":1592700114967,"l":1720556,"M":true,"q":"66.00000000","s":"NKNBTC","a":955066,"T":1592700114966,"e":"aggTrade","p":"0.00000338","f":1720556},{"m":false,"E":1592700115258,"l":1720557,"M":true,"q":"272.00000000","s":"NKNBTC","a":955067,"T":1592700115257,"e":"aggTrade","p":"0.00000339","f":1720557},{"m":true,"E":1592700116047,"l":1720558,"M":true,"q":"132.00000000","s":"NKNBTC","a":955068,"T":1592700116046,"e":"aggTrade","p":"0.00000338","f":1720558},{"m":false,"E":1592700116162,"l":1720559,"M":true,"q":"59.00000000","s":"NKNBTC","a":955069,"T":1592700116160,"e":"aggTrade","p":"0.00000339","f":1720559},{"m":false,"E":1592700116405,"l":1720560,"M":true,"q":"118.00000000","s":"NKNBTC","a":955070,"T":1592700116404,"e":"aggTrade","p":"0.00000339","f":1720560},{"m":false,"E":1592700116478,"l":1720561,"M":true,"q":"118.00000000","s":"NKNBTC","a":955071,"T":1592700116477,"e":"aggTrade","p":"0.00000339","f":1720561},{"m":false,"E":1592700116738,"l":1720562,"M":true,"q":"2360.00000000","s":"NKNBTC","a":955072,"T":1592700116737,"e":"aggTrade","p":"0.00000339","f":1720562},{"m":false,"E":1592700116895,"l":1720563,"M":true,"q":"236.00000000","s":"NKNBTC","a":955073,"T":1592700116894,"e":"aggTrade","p":"0.00000339","f":1720563},{"m":false,"E":1592700116910,"l":1720564,"M":true,"q":"1770.00000000","s":"NKNBTC","a":955074,"T":1592700116909,"e":"aggTrade","p":"0.00000339","f":1720564},{"m":false,"E":1592700116992,"l":1720565,"M":true,"q":"59.00000000","s":"NKNBTC","a":955075,"T":1592700116991,"e":"aggTrade","p":"0.00000339","f":1720565},{"m":false,"E":1592700117638,"l":1720566,"M":true,"q":"885.00000000","s":"NKNBTC","a":955076,"T":1592700117637,"e":"aggTrade","p":"0.00000339","f":1720566},{"m":true,"E":1592700118035,"l":1720567,"M":true,"q":"132.00000000","s":"NKNBTC","a":955077,"T":1592700118034,"e":"aggTrade","p":"0.00000338","f":1720567},{"m":true,"E":1592700118485,"l":1720568,"M":true,"q":"1287.00000000","s":"NKNBTC","a":955078,"T":1592700118484,"e":"aggTrade","p":"0.00000338","f":1720568},{"m":true,"E":1592700119426,"l":1720571,"M":true,"q":"1179.00000000","s":"NKNBTC","a":955079,"T":1592700119425,"e":"aggTrade","p":"0.00000338","f":1720569},{"m":true,"E":1592700119426,"l":1720572,"M":true,"q":"108.00000000","s":"NKNBTC","a":955080,"T":1592700119425,"e":"aggTrade","p":"0.00000337","f":1720572},{"m":true,"E":1592700121724,"l":1720573,"M":true,"q":"911.00000000","s":"NKNBTC","a":955081,"T":1592700121722,"e":"aggTrade","p":"0.00000337","f":1720573},{"m":true,"E":1592700132933,"l":1720574,"M":true,"q":"152.00000000","s":"NKNBTC","a":955082,"T":1592700132932,"e":"aggTrade","p":"0.00000337","f":1720574},{"m":true,"E":1592700133335,"l":1720577,"M":true,"q":"1780.00000000","s":"NKNBTC","a":955083,"T":1592700133333,"e":"aggTrade","p":"0.00000337","f":1720575},{"m":false,"E":1592700134453,"l":1720578,"M":true,"q":"146.00000000","s":"NKNBTC","a":955084,"T":1592700134452,"e":"aggTrade","p":"0.00000338","f":1720578},{"m":true,"E":1592700135760,"l":1720579,"M":true,"q":"1288.00000000","s":"NKNBTC","a":955085,"T":1592700135759,"e":"aggTrade","p":"0.00000337","f":1720579},{"m":true,"E":1592700137545,"l":1720580,"M":true,"q":"152.00000000","s":"NKNBTC","a":955086,"T":1592700137544,"e":"aggTrade","p":"0.00000337","f":1720580},{"m":false,"E":1592700138377,"l":1720581,"M":true,"q":"30.00000000","s":"NKNBTC","a":955087,"T":1592700138376,"e":"aggTrade","p":"0.00000338","f":1720581},{"m":false,"E":1592700139190,"l":1720582,"M":true,"q":"30.00000000","s":"NKNBTC","a":955088,"T":1592700139189,"e":"aggTrade","p":"0.00000338","f":1720582},{"m":false,"E":1592700139206,"l":1720583,"M":true,"q":"592.00000000","s":"NKNBTC","a":955089,"T":1592700139205,"e":"aggTrade","p":"0.00000338","f":1720583},{"m":false,"E":1592700139264,"l":1720584,"M":true,"q":"60.00000000","s":"NKNBTC","a":955090,"T":1592700139263,"e":"aggTrade","p":"0.00000338","f":1720584},{"m":false,"E":1592700139281,"l":1720585,"M":true,"q":"30.00000000","s":"NKNBTC","a":955091,"T":1592700139280,"e":"aggTrade","p":"0.00000338","f":1720585},{"m":false,"E":1592700139284,"l":1720586,"M":true,"q":"30.00000000","s":"NKNBTC","a":955092,"T":1592700139283,"e":"aggTrade","p":"0.00000338","f":1720586},{"m":false,"E":1592700139688,"l":1720587,"M":true,"q":"33.00000000","s":"NKNBTC","a":955093,"T":1592700139687,"e":"aggTrade","p":"0.00000338","f":1720587},{"m":false,"E":1592700142829,"l":1720588,"M":true,"q":"11.00000000","s":"NKNBTC","a":955094,"T":1592700142828,"e":"aggTrade","p":"0.00000338","f":1720588},{"m":true,"E":1592700154504,"l":1720597,"M":true,"q":"1511.00000000","s":"NKNBTC","a":955095,"T":1592700154502,"e":"aggTrade","p":"0.00000337","f":1720589},{"m":false,"E":1592700155051,"l":1720598,"M":true,"q":"60.00000000","s":"NKNBTC","a":955096,"T":1592700155050,"e":"aggTrade","p":"0.00000338","f":1720598}]]},{"peak":"3.38983051|107,-16.24293785|685,11.51761518|405,-5.55555556|309,4.00534045|210,-5.74098798|21,9.24137931|525,-19.58620690|1560,6.90505549|330,-5.05548705|90,8.53503185|180,-18.21656051|600,18.06615776|240,-3.43511450|300,5.31088083|300,-6.34715026|540,21.44970414|420,-10.05917160|480,10.71428571|120,-4.16666667|60,3.70370370|90,-3.55555556|90,15.34653465|180,-18.15181518|420,4.22125182|60,-10.04366812|360,8.93371758|330,-3.74639769|120,6.03829161|60,-7.21649485|180,23.18104907|510,-9.64467005|390,21.57598499|570,-5.81613508|840,10.37181996|840,-13.30724070|540,4.32432432|90,-3.42342342|90,8.71212121|1350,-10.60606061|720,10.39697543|1080,-3.59168242|90,4.78011472|30,-7.07456979|180,6.46387833|330,-5.70342205|90,18.04670913|1740,-9.12951168|1260,3.42052314|840,-14.68812877|900,4.58715596|120,-7.52293578|270,9.53271028|420,-12.52336449|330,9.25589837|90,-3.81125227|90,16.26016260|150,-7.92682927|420,7.92682927|210,-5.48780488|90,20.41763341|1200,-3.24825986|330,9.06862745|480,-5.39215686|540,4.36893204|390,-18.20388350|420,11.95402299|150,-37.93103448|1410,8.10810811|210,-9.18918919|120,3.41296928|60,-7.16723549|90,7.53424658|60,-16.26712329|120,20.81850534|150,3.38983051|107","transactionList":[{},{},{},{},{},{},{},{},{},{},{},{},{},{},{},{},{},{},{},{},{},{},{},{},{},{},{},{},{},{},{},{},{},{},{},{},{},{},{},{},{},{},{},{},{},{},{},{},{},{},{},{},{},{},{},{},{},{},{},{},{},{},{},{},{},{},{},{},{},{},{},{},{},{},{},[{"m":false,"l":5970420,"M":true,"q":"9.00000000","a":4637766,"T":1592673084796,"p":"0.00000365","f":5970420},{"m":false,"l":5970421,"M":true,"q":"1511.00000000","a":4637767,"T":1592673096312,"p":"0.00000365","f":5970421},{"m":false,"l":5970422,"M":true,"q":"9.00000000","a":4637768,"T":1592673099745,"p":"0.00000366","f":5970422},{"m":false,"l":5970423,"M":true,"q":"8.00000000","a":4637769,"T":1592673110707,"p":"0.00000366","f":5970423},{"m":false,"l":5970424,"M":true,"q":"8.00000000","a":4637770,"T":1592673121042,"p":"0.00000366","f":5970424},{"m":false,"l":5970425,"M":true,"q":"7.00000000","a":4637771,"T":1592673132709,"p":"0.00000366","f":5970425},{"m":false,"l":5970426,"M":true,"q":"9.00000000","a":4637772,"T":1592673152847,"p":"0.00000366","f":5970426},{"m":false,"l":5970429,"M":true,"q":"929.00000000","a":4637773,"T":1592673168779,"p":"0.00000366","f":5970427},{"m":false,"l":5970430,"M":true,"q":"28.00000000","a":4637774,"T":1592673169784,"p":"0.00000366","f":5970430},{"m":false,"l":5970431,"M":true,"q":"54.00000000","a":4637775,"T":1592673171798,"p":"0.00000366","f":5970431},{"m":false,"l":5970432,"M":true,"q":"60.00000000","a":4637776,"T":1592673179825,"p":"0.00000366","f":5970432}]]},{"peak":"-6.58307210|1117,7.70855333|906,-6.01900739|1572,6.80851064|810,-3.19148936|330,3.41151386|330,-6.66311301|960,5.26038927|540,-5.20778538|300,6.49627263|480,-3.72736954|300,5.92713431|120,-11.69113649|570,3.11244980|330,-11.04417671|810,3.41280972|240,-8.69565217|1200,10.55634807|480,-3.13837375|210,4.27884615|120,-4.18269231|240,21.81000562|480,-13.60314784|330,3.58790364|120,-4.66427473|270,3.34008097|180,-12.85425101|510,4.05972935|60,-6.11292580|90,12.13017751|210,-3.10650888|60,4.55000000|90,-6.05000000|120,9.66907963|90,-9.15201655|180,16.75884956|270,-5.97345133|210,9.11161731|240,-5.58086560|330,3.05725403|150,-5.55864369|150,14.95157385|210,-6.35593220|1050,5.77965081|720,-9.27152318|180,4.85268631|120,-14.03812825|390,5.78778135|120,-15.27331190|90,23.47876005|180,-5.33869116|90,17.47759283|150,-8.13060179|150,30.72755418|1740,-15.63467492|1290,7.02005731|810,-4.36962751|210,9.54887218|390,-4.51127820|90,23.55555556|1860,-4.88888889|60,3.05676856|210,-7.77292576|210,4.75382003|90,-6.02716469|120,14.06392694|270,-4.74885845|360,12.12121212|1080,-2.83479961|1140","transactionList":[{},{},{},{},{},{},{},{},{},{},{},{},{},{},{},{},{},{},{},{},{},{},{},{},{},{},{},{},{},{},{},{},{},{},{},{},{},{},{},{},{},{},{},{},{},{},{},{},{},{},{},{},{},{},{},{},{},{},{},{},{},{},{},{},{},{},{},{},{}]},{"peak":"-11.58104919|11419,3.58948433|840,-10.26289181|3570,5.99384416|2730,-6.22063826|3030,17.44581766|5040,-7.39745656|2100,4.22388319|540","transactionList":[{},{},{},{},{},{},{},{}]},{"peak":"4.72972973|225,-10.47297297|657,6.16883117|40,-7.79220779|526,6.41025641|102,-6.08974359|96,3.11526480|66,-4.36137072|99,16.31944444|387,-3.81944444|57,4.91228070|294,-6.66666667|285,7.42049470|66,-6.71378092|210,7.85714286|240,-12.14285714|420,14.59854015|780,-3.28467153|90,3.66300366|60,-8.42490842|330,18.40000000|420,-3.20000000|120,22.27488152|2460,-11.84834123|2160,14.56310680|1500,-3.39805825|420,3.90243902|870,-12.19512195|840,5.99078341|690,-7.37327189|300,9.90566038|960,-3.77358491|270,8.37438424|1020,-4.43349754|120,7.07070707|1920,-5.55555556|2700,3.46534653|990,-6.43564356|1290,3.36538462|120,-3.84615385|570,8.54271357|1440,-8.04020101|150,6.96517413|240,-4.97512438|390,5.50000000|180,-14.50000000|480,18.04123711|2280","transactionList":[{},{},{},{},{},{},{},{},{},{},{},{},{},{},{},{},{},{},{},{},{},{},{},{},{},{},{},{},{},{},{},{},{},{},{},{},{},{},{},{},{},{},{},{},{},{},{}]},{"peak":"-7.79816514|816,5.06706408|463,-4.61997019|426,4.30906389|615,-20.95096582|2325,4.62724936|90,-3.21336761|60,9.69945355|1590,-9.97267760|480,11.03448276|330,-13.93103448|660,5.76184379|180,-5.50576184|150,15.56802244|150,-5.04908836|240,4.60893855|300,-5.30726257|390,7.56062767|450,-14.55064194|1020,10.91160221|420,-12.43093923|1020,5.44041451|90,-3.75647668|150,3.35483871|60,-4.64516129|90,3.57598978|60,-3.70370370|30,3.57142857|30,-15.68877551|300,11.15196078|120,-11.88725490|150,3.51473923|60,-7.93650794|60,16.66666667|90,-15.07352941|450,44.23963134|180,-7.06605223|30,21.85314685|330,-5.06993007|30,12.54681648|360,-4.11985019|60,9.44881890|810,-3.54330709|180,5.41082164|390,-3.80761523|240,5.07099391|570,-15.82150101|540,13.51888668|360,-7.35586481|480,22.17194570|4500,-4.29864253|1770,4.77272727|510,-3.63636364|240,6.54205607|1560,-9.81308411|1950,3.29670330|900,-7.96324655|998,6.89127106|225","transactionList":[{},{},{},{},{},{},{},{},{},{},{},{},{},{},{},{},{},{},{},{},{},{},{},{},{},{},{},{},{},{},{},{},{},{},{},{},{},{},{},{},{},{},{},{},{},{},{},{},{},{},{},{},{},{},{},{},[{"m":true,"E":1592692076418,"l":464227,"M":true,"q":"47892.00000000","s":"CHRBTC","a":294580,"T":1592692076258,"e":"aggTrade","p":"0.00000327","f":464221},{"m":false,"E":1592692076739,"l":464228,"M":true,"q":"2666.00000000","s":"CHRBTC","a":294581,"T":1592692076601,"e":"aggTrade","p":"0.00000327","f":464228},{"m":true,"E":1592692078706,"l":464229,"M":true,"q":"4527.00000000","s":"CHRBTC","a":294582,"T":1592692078705,"e":"aggTrade","p":"0.00000326","f":464229},{"m":true,"E":1592692080319,"l":464230,"M":true,"q":"603.00000000","s":"CHRBTC","a":294583,"T":1592692080318,"e":"aggTrade","p":"0.00000326","f":464230},{"m":false,"E":1592692088835,"l":464231,"M":true,"q":"1365.00000000","s":"CHRBTC","a":294584,"T":1592692088834,"e":"aggTrade","p":"0.00000327","f":464231},{"m":false,"E":1592692099619,"l":464232,"M":true,"q":"203.00000000","s":"CHRBTC","a":294585,"T":1592692099616,"e":"aggTrade","p":"0.00000327","f":464232},{"m":false,"E":1592692134653,"l":464233,"M":true,"q":"18623.00000000","s":"CHRBTC","a":294586,"T":1592692134652,"e":"aggTrade","p":"0.00000327","f":464233},{"m":false,"E":1592692136329,"l":464234,"M":true,"q":"3425.00000000","s":"CHRBTC","a":294587,"T":1592692136327,"e":"aggTrade","p":"0.00000327","f":464234}],[{"m":false,"E":1592705540642,"l":465930,"M":true,"q":"354.00000000","s":"CHRBTC","a":295534,"T":1592705540641,"e":"aggTrade","p":"0.00000349","f":465930},{"m":true,"E":1592705550582,"l":465931,"M":true,"q":"249.00000000","s":"CHRBTC","a":295535,"T":1592705550581,"e":"aggTrade","p":"0.00000348","f":465931},{"m":true,"E":1592705551598,"l":465932,"M":true,"q":"341.00000000","s":"CHRBTC","a":295536,"T":1592705551596,"e":"aggTrade","p":"0.00000348","f":465932},{"m":true,"E":1592705552610,"l":465933,"M":true,"q":"400.00000000","s":"CHRBTC","a":295537,"T":1592705552609,"e":"aggTrade","p":"0.00000348","f":465933},{"m":false,"E":1592705563666,"l":465934,"M":true,"q":"275.00000000","s":"CHRBTC","a":295538,"T":1592705563665,"e":"aggTrade","p":"0.00000348","f":465934},{"m":false,"E":1592705565235,"l":465935,"M":true,"q":"1037.00000000","s":"CHRBTC","a":295539,"T":1592705565234,"e":"aggTrade","p":"0.00000348","f":465935},{"m":false,"E":1592705569335,"l":465936,"M":true,"q":"13240.00000000","s":"CHRBTC","a":295540,"T":1592705569335,"e":"aggTrade","p":"0.00000348","f":465936},{"m":true,"E":1592705572585,"l":465937,"M":true,"q":"67703.00000000","s":"CHRBTC","a":295541,"T":1592705572583,"e":"aggTrade","p":"0.00000348","f":465937},{"m":false,"E":1592705575142,"l":465940,"M":true,"q":"18013.00000000","s":"CHRBTC","a":295542,"T":1592705575140,"e":"aggTrade","p":"0.00000349","f":465938},{"m":true,"E":1592705586003,"l":465941,"M":true,"q":"10974.00000000","s":"CHRBTC","a":295543,"T":1592705586002,"e":"aggTrade","p":"0.00000348","f":465941},{"m":false,"E":1592705587936,"l":465942,"M":true,"q":"574.00000000","s":"CHRBTC","a":295544,"T":1592705587935,"e":"aggTrade","p":"0.00000349","f":465942},{"m":false,"E":1592705588877,"l":465943,"M":true,"q":"29.00000000","s":"CHRBTC","a":295545,"T":1592705588876,"e":"aggTrade","p":"0.00000349","f":465943},{"m":false,"E":1592705589174,"l":465944,"M":true,"q":"58.00000000","s":"CHRBTC","a":295546,"T":1592705589173,"e":"aggTrade","p":"0.00000349","f":465944},{"m":false,"E":1592705589204,"l":465945,"M":true,"q":"58.00000000","s":"CHRBTC","a":295547,"T":1592705589203,"e":"aggTrade","p":"0.00000349","f":465945},{"m":false,"E":1592705589239,"l":465946,"M":true,"q":"29.00000000","s":"CHRBTC","a":295548,"T":1592705589238,"e":"aggTrade","p":"0.00000349","f":465946},{"m":false,"E":1592705590203,"l":465947,"M":true,"q":"8187.00000000","s":"CHRBTC","a":295549,"T":1592705590202,"e":"aggTrade","p":"0.00000349","f":465947},{"m":false,"E":1592705596045,"l":465948,"M":true,"q":"3146.00000000","s":"CHRBTC","a":295550,"T":1592705596044,"e":"aggTrade","p":"0.00000349","f":465948},{"m":false,"E":1592705599309,"l":465949,"M":true,"q":"29.00000000","s":"CHRBTC","a":295551,"T":1592705599308,"e":"aggTrade","p":"0.00000349","f":465949},{"m":true,"E":1592705602015,"l":465950,"M":true,"q":"7518.00000000","s":"CHRBTC","a":295552,"T":1592705602014,"e":"aggTrade","p":"0.00000348","f":465950},{"m":false,"E":1592705607934,"l":465952,"M":true,"q":"21173.00000000","s":"CHRBTC","a":295553,"T":1592705607932,"e":"aggTrade","p":"0.00000349","f":465951},{"m":false,"E":1592705622692,"l":465955,"M":true,"q":"39888.00000000","s":"CHRBTC","a":295554,"T":1592705622691,"e":"aggTrade","p":"0.00000349","f":465953},{"m":true,"E":1592705622698,"l":465956,"M":true,"q":"40823.00000000","s":"CHRBTC","a":295555,"T":1592705622696,"e":"aggTrade","p":"0.00000349","f":465956},{"m":true,"E":1592705635655,"l":465958,"M":true,"q":"132110.00000000","s":"CHRBTC","a":295556,"T":1592705635654,"e":"aggTrade","p":"0.00000348","f":465957},{"m":false,"E":1592705637963,"l":465959,"M":true,"q":"14326.00000000","s":"CHRBTC","a":295557,"T":1592705637962,"e":"aggTrade","p":"0.00000349","f":465959},{"m":true,"E":1592705638320,"l":465960,"M":true,"q":"85.00000000","s":"CHRBTC","a":295558,"T":1592705638319,"e":"aggTrade","p":"0.00000347","f":465960},{"m":true,"E":1592705640762,"l":465962,"M":true,"q":"147.00000000","s":"CHRBTC","a":295559,"T":1592705640760,"e":"aggTrade","p":"0.00000347","f":465961},{"m":false,"E":1592705643905,"l":465964,"M":true,"q":"354.00000000","s":"CHRBTC","a":295560,"T":1592705643903,"e":"aggTrade","p":"0.00000349","f":465963},{"m":false,"E":1592705647049,"l":465966,"M":true,"q":"808.00000000","s":"CHRBTC","a":295561,"T":1592705647048,"e":"aggTrade","p":"0.00000349","f":465965}]]},{"peak":"-6.72913118|692,3.25504738|493,-5.35640709|330,5.22633745|729,-3.20987654|258,8.33693305|87,-15.89632829|531,3.15263360|180,-5.30565167|1020,20.66079295|1230,-4.22907489|480,3.31877729|240,-4.89082969|570,13.89284021|510,-4.36225699|300,4.41176471|120,-14.84819734|2130,5.95185996|900,-9.10284464|1200,12.70343580|420,-17.54068716|930,9.01467505|570,-11.02725367|540,6.17481957|330,-6.45549318|270,25.76977736|2100,-4.92657508|1050,3.55306218|450,-7.66713417|360,10.88107848|750,-6.74049109|360,13.22778345|870,-3.83043922|240,13.25905292|1650,-4.56824513|2010,5.27201346|1710,-8.46887269|600,6.03070175|840,-3.07017544|780,-6.72913118|692","transactionList":[{},{},{},{},{},{},{},{},{},{},{},{},{},{},{},{},{},{},{},{},{},{},{},{},{},{},{},{},{},{},{},{},{},{},{},{},{},{},{},[]]},{"peak":"7.20221607|147,-6.23268698|222,4.35374150|111,-5.30612245|427,4.59459459|330,-3.64864865|75,5.06849315|192,-5.75342466|195,4.46549391|33,-5.14208390|18,18.08510638|558,-5.31914894|501,14.54545455|5100,-9.91735537|1440,7.95454545|3210,-6.81818182|960,3.45911950|150,-7.54716981|1260,5.71870170|600,-7.88253478|1440,16.13976705|2550,-3.16139767|2010,3.16139767|90,-6.98835275|450,5.06535948|240,-4.24836601|960,15.78947368|2820,-3.26678766|180,4.40366972|720,-9.35779817|570,6.42857143|1620,-4.82142857|600","transactionList":[{},{},{},{},{},{},{},{},{},{},{},{},{},{},{},{},{},{},{},{},{},{},{},{},{},{},{},{},{},{},{},{}]},{"peak":"-4.54486598|777,4.73472565|147,-10.60448826|5598,3.50206361|870,-7.84170915|930,6.46533645|210,-9.15573132|990,11.11992192|630,-3.83066976|510,4.84109387|180,-6.46095097|930,10.78707858|330,-14.99166773|540,7.02738173|120,-8.86476168|90,16.69650850|420,-3.44033764|90,19.83109860|1620,-6.05970813|690,15.31088918|6150,-7.26481959|660,6.43330936|300,-3.58027651|2820,6.31613485|930,-13.48535805|2790","transactionList":[{},{},{},{},{},{},{},{},{},{},{},{},{},{},{},{},{},{},{},{},{},{},{},{},{}]},{"peak":"3.39366516|833,-3.39366516|486,5.54272517|639,-4.04157044|906,5.62719812|750,-3.51699883|690,5.87529976|1230,-3.23741007|510,4.11124547|1440,-11.72914148|1650,6.57439446|2130,-5.07497116|540,5.43981481|360,-7.75462963|960,10.96543504|5070,-3.21811681|3630,3.21811681|810,-4.05244338|990,4.05244338|1170,-3.09892729|330,8.53199498|1500,-9.41028858|2010,3.93325387|690,9.61538462|1710","transactionList":[{},{},{},{},{},{},{},{},{},{},{},{},{},{},{},{},{},{},{},{},{},{},{},[{"m":true,"E":1592704204562,"l":9023505,"M":true,"q":"5000.00000000","s":"MANABTC","a":6591278,"T":1592704204562,"e":"aggTrade","p":"0.00000482","f":9023505},{"m":true,"E":1592704204648,"l":9023506,"M":true,"q":"13124.00000000","s":"MANABTC","a":6591279,"T":1592704204647,"e":"aggTrade","p":"0.00000482","f":9023506},{"m":true,"E":1592704207164,"l":9023508,"M":true,"q":"467.00000000","s":"MANABTC","a":6591280,"T":1592704207163,"e":"aggTrade","p":"0.00000481","f":9023507},{"m":false,"E":1592704207482,"l":9023559,"M":true,"q":"138702.00000000","s":"MANABTC","a":6591281,"T":1592704207469,"e":"aggTrade","p":"0.00000483","f":9023509},{"m":true,"E":1592704207497,"l":9023560,"M":true,"q":"49.00000000","s":"MANABTC","a":6591282,"T":1592704207496,"e":"aggTrade","p":"0.00000483","f":9023560},{"m":true,"E":1592704207619,"l":9023561,"M":true,"q":"193.00000000","s":"MANABTC","a":6591283,"T":1592704207618,"e":"aggTrade","p":"0.00000483","f":9023561},{"m":true,"E":1592704207641,"l":9023562,"M":true,"q":"889.00000000","s":"MANABTC","a":6591284,"T":1592704207640,"e":"aggTrade","p":"0.00000483","f":9023562},{"m":true,"E":1592704207730,"l":9023563,"M":true,"q":"67.00000000","s":"MANABTC","a":6591285,"T":1592704207728,"e":"aggTrade","p":"0.00000483","f":9023563},{"m":true,"E":1592704207788,"l":9023564,"M":true,"q":"5031.00000000","s":"MANABTC","a":6591286,"T":1592704207787,"e":"aggTrade","p":"0.00000483","f":9023564},{"m":true,"E":1592704207827,"l":9023565,"M":true,"q":"81.00000000","s":"MANABTC","a":6591287,"T":1592704207826,"e":"aggTrade","p":"0.00000483","f":9023565},{"m":true,"E":1592704207873,"l":9023566,"M":true,"q":"46.00000000","s":"MANABTC","a":6591288,"T":1592704207871,"e":"aggTrade","p":"0.00000483","f":9023566},{"m":true,"E":1592704208086,"l":9023567,"M":true,"q":"500.00000000","s":"MANABTC","a":6591289,"T":1592704208085,"e":"aggTrade","p":"0.00000483","f":9023567},{"m":true,"E":1592704208342,"l":9023568,"M":true,"q":"10953.00000000","s":"MANABTC","a":6591290,"T":1592704208341,"e":"aggTrade","p":"0.00000483","f":9023568},{"m":false,"E":1592704209722,"l":9023577,"M":true,"q":"4846.00000000","s":"MANABTC","a":6591291,"T":1592704209719,"e":"aggTrade","p":"0.00000484","f":9023569},{"m":true,"E":1592704210915,"l":9023578,"M":true,"q":"9309.00000000","s":"MANABTC","a":6591292,"T":1592704210914,"e":"aggTrade","p":"0.00000483","f":9023578},{"m":true,"E":1592704211019,"l":9023579,"M":true,"q":"214.00000000","s":"MANABTC","a":6591293,"T":1592704211018,"e":"aggTrade","p":"0.00000482","f":9023579},{"m":true,"E":1592704211908,"l":9023580,"M":true,"q":"4387.00000000","s":"MANABTC","a":6591294,"T":1592704211872,"e":"aggTrade","p":"0.00000482","f":9023580},{"m":false,"E":1592704211941,"l":9023581,"M":true,"q":"1284.00000000","s":"MANABTC","a":6591295,"T":1592704211928,"e":"aggTrade","p":"0.00000482","f":9023581},{"m":false,"E":1592704214509,"l":9023582,"M":true,"q":"46.00000000","s":"MANABTC","a":6591296,"T":1592704214508,"e":"aggTrade","p":"0.00000483","f":9023582},{"m":true,"E":1592704215204,"l":9023585,"M":true,"q":"1039.00000000","s":"MANABTC","a":6591297,"T":1592704215203,"e":"aggTrade","p":"0.00000482","f":9023583},{"m":false,"E":1592704215732,"l":9023586,"M":true,"q":"415.00000000","s":"MANABTC","a":6591298,"T":1592704215731,"e":"aggTrade","p":"0.00000483","f":9023586},{"m":false,"E":1592704219959,"l":9023588,"M":true,"q":"415.00000000","s":"MANABTC","a":6591299,"T":1592704219958,"e":"aggTrade","p":"0.00000483","f":9023587},{"m":true,"E":1592704228549,"l":9023589,"M":true,"q":"6247.00000000","s":"MANABTC","a":6591300,"T":1592704228548,"e":"aggTrade","p":"0.00000482","f":9023589},{"m":false,"E":1592704230411,"l":9023591,"M":true,"q":"234.00000000","s":"MANABTC","a":6591301,"T":1592704230410,"e":"aggTrade","p":"0.00000483","f":9023590},{"m":false,"E":1592704231706,"l":9023601,"M":true,"q":"4642.00000000","s":"MANABTC","a":6591302,"T":1592704231703,"e":"aggTrade","p":"0.00000483","f":9023592},{"m":true,"E":1592704231999,"l":9023604,"M":true,"q":"3875.00000000","s":"MANABTC","a":6591303,"T":1592704231997,"e":"aggTrade","p":"0.00000482","f":9023602},{"m":false,"E":1592704234787,"l":9023605,"M":true,"q":"23.00000000","s":"MANABTC","a":6591304,"T":1592704234786,"e":"aggTrade","p":"0.00000484","f":9023605},{"m":false,"E":1592704236882,"l":9023617,"M":true,"q":"12216.00000000","s":"MANABTC","a":6591305,"T":1592704236879,"e":"aggTrade","p":"0.00000484","f":9023606},{"m":true,"E":1592704238760,"l":9023619,"M":true,"q":"11984.00000000","s":"MANABTC","a":6591306,"T":1592704238759,"e":"aggTrade","p":"0.00000483","f":9023618},{"m":false,"E":1592704240194,"l":9023620,"M":true,"q":"213.00000000","s":"MANABTC","a":6591307,"T":1592704240193,"e":"aggTrade","p":"0.00000484","f":9023620},{"m":true,"E":1592704241270,"l":9023621,"M":true,"q":"626.00000000","s":"MANABTC","a":6591308,"T":1592704241269,"e":"aggTrade","p":"0.00000482","f":9023621},{"m":false,"E":1592704242990,"l":9023622,"M":true,"q":"500.00000000","s":"MANABTC","a":6591309,"T":1592704242989,"e":"aggTrade","p":"0.00000483","f":9023622},{"m":false,"E":1592704250083,"l":9023623,"M":true,"q":"21.00000000","s":"MANABTC","a":6591310,"T":1592704250082,"e":"aggTrade","p":"0.00000483","f":9023623},{"m":false,"E":1592704250096,"l":9023624,"M":true,"q":"21.00000000","s":"MANABTC","a":6591311,"T":1592704250095,"e":"aggTrade","p":"0.00000483","f":9023624},{"m":false,"E":1592704250203,"l":9023625,"M":true,"q":"108.00000000","s":"MANABTC","a":6591312,"T":1592704250202,"e":"aggTrade","p":"0.00000483","f":9023625},{"m":false,"E":1592704250231,"l":9023626,"M":true,"q":"21.00000000","s":"MANABTC","a":6591313,"T":1592704250230,"e":"aggTrade","p":"0.00000484","f":9023626},{"m":false,"E":1592704250269,"l":9023627,"M":true,"q":"42.00000000","s":"MANABTC","a":6591314,"T":1592704250267,"e":"aggTrade","p":"0.00000484","f":9023627},{"m":true,"E":1592704251738,"l":9023628,"M":true,"q":"1818.00000000","s":"MANABTC","a":6591315,"T":1592704251737,"e":"aggTrade","p":"0.00000482","f":9023628},{"m":false,"E":1592704254866,"l":9023629,"M":true,"q":"500.00000000","s":"MANABTC","a":6591316,"T":1592704254865,"e":"aggTrade","p":"0.00000483","f":9023629},{"m":false,"E":1592704260543,"l":9023630,"M":true,"q":"116.00000000","s":"MANABTC","a":6591317,"T":1592704260541,"e":"aggTrade","p":"0.00000484","f":9023630},{"m":false,"E":1592704260575,"l":9023631,"M":true,"q":"119.00000000","s":"MANABTC","a":6591318,"T":1592704260573,"e":"aggTrade","p":"0.00000484","f":9023631},{"m":true,"E":1592704260738,"l":9023632,"M":true,"q":"1195.00000000","s":"MANABTC","a":6591319,"T":1592704260737,"e":"aggTrade","p":"0.00000482","f":9023632},{"m":false,"E":1592704263600,"l":9023633,"M":true,"q":"22.00000000","s":"MANABTC","a":6591320,"T":1592704263599,"e":"aggTrade","p":"0.00000483","f":9023633},{"m":false,"E":1592704263600,"l":9023634,"M":true,"q":"184.00000000","s":"MANABTC","a":6591321,"T":1592704263599,"e":"aggTrade","p":"0.00000484","f":9023634},{"m":false,"E":1592704264243,"l":9023641,"M":true,"q":"21164.00000000","s":"MANABTC","a":6591322,"T":1592704264241,"e":"aggTrade","p":"0.00000484","f":9023635},{"m":true,"E":1592704264422,"l":9023642,"M":true,"q":"536.00000000","s":"MANABTC","a":6591323,"T":1592704264421,"e":"aggTrade","p":"0.00000484","f":9023642},{"m":true,"E":1592704265119,"l":9023643,"M":true,"q":"934.00000000","s":"MANABTC","a":6591324,"T":1592704265118,"e":"aggTrade","p":"0.00000484","f":9023643},{"m":true,"E":1592704265284,"l":9023644,"M":true,"q":"31.00000000","s":"MANABTC","a":6591325,"T":1592704265283,"e":"aggTrade","p":"0.00000484","f":9023644},{"m":true,"E":1592704268139,"l":9023645,"M":true,"q":"127.00000000","s":"MANABTC","a":6591326,"T":1592704268137,"e":"aggTrade","p":"0.00000484","f":9023645},{"m":true,"E":1592704268910,"l":9023646,"M":true,"q":"1824.00000000","s":"MANABTC","a":6591327,"T":1592704268909,"e":"aggTrade","p":"0.00000484","f":9023646},{"m":true,"E":1592704270584,"l":9023647,"M":true,"q":"626.00000000","s":"MANABTC","a":6591328,"T":1592704270583,"e":"aggTrade","p":"0.00000484","f":9023647},{"m":true,"E":1592704271835,"l":9023648,"M":true,"q":"1056.00000000","s":"MANABTC","a":6591329,"T":1592704271834,"e":"aggTrade","p":"0.00000484","f":9023648},{"m":false,"E":1592704274456,"l":9023652,"M":true,"q":"9413.00000000","s":"MANABTC","a":6591330,"T":1592704274454,"e":"aggTrade","p":"0.00000485","f":9023649},{"m":true,"E":1592704275543,"l":9023653,"M":true,"q":"6803.00000000","s":"MANABTC","a":6591331,"T":1592704275542,"e":"aggTrade","p":"0.00000484","f":9023653},{"m":true,"E":1592704276279,"l":9023654,"M":true,"q":"94196.00000000","s":"MANABTC","a":6591332,"T":1592704276278,"e":"aggTrade","p":"0.00000484","f":9023654},{"m":true,"E":1592704277106,"l":9023655,"M":true,"q":"128.00000000","s":"MANABTC","a":6591333,"T":1592704277105,"e":"aggTrade","p":"0.00000484","f":9023655},{"m":true,"E":1592704277462,"l":9023658,"M":true,"q":"25565.00000000","s":"MANABTC","a":6591334,"T":1592704277460,"e":"aggTrade","p":"0.00000484","f":9023656},{"m":false,"E":1592704278282,"l":9023659,"M":true,"q":"6.00000000","s":"MANABTC","a":6591335,"T":1592704278281,"e":"aggTrade","p":"0.00000484","f":9023659},{"m":true,"E":1592704278817,"l":9023660,"M":true,"q":"1828.00000000","s":"MANABTC","a":6591336,"T":1592704278816,"e":"aggTrade","p":"0.00000483","f":9023660},{"m":false,"E":1592704279000,"l":9023662,"M":true,"q":"96042.00000000","s":"MANABTC","a":6591337,"T":1592704278999,"e":"aggTrade","p":"0.00000484","f":9023661},{"m":true,"E":1592704281527,"l":9023663,"M":true,"q":"500.00000000","s":"MANABTC","a":6591338,"T":1592704281526,"e":"aggTrade","p":"0.00000484","f":9023663},{"m":true,"E":1592704284892,"l":9023664,"M":true,"q":"12456.00000000","s":"MANABTC","a":6591339,"T":1592704284891,"e":"aggTrade","p":"0.00000484","f":9023664},{"m":true,"E":1592704285584,"l":9023665,"M":true,"q":"6002.00000000","s":"MANABTC","a":6591340,"T":1592704285583,"e":"aggTrade","p":"0.00000484","f":9023665},{"m":true,"E":1592704285634,"l":9023666,"M":true,"q":"1009.00000000","s":"MANABTC","a":6591341,"T":1592704285632,"e":"aggTrade","p":"0.00000484","f":9023666},{"m":true,"E":1592704286859,"l":9023674,"M":true,"q":"25373.00000000","s":"MANABTC","a":6591342,"T":1592704286857,"e":"aggTrade","p":"0.00000483","f":9023667},{"m":true,"E":1592704287331,"l":9023675,"M":true,"q":"33.00000000","s":"MANABTC","a":6591343,"T":1592704287330,"e":"aggTrade","p":"0.00000483","f":9023675},{"m":true,"E":1592704287874,"l":9023676,"M":true,"q":"13192.00000000","s":"MANABTC","a":6591344,"T":1592704287873,"e":"aggTrade","p":"0.00000483","f":9023676},{"m":true,"E":1592704304261,"l":9023682,"M":true,"q":"13672.00000000","s":"MANABTC","a":6591345,"T":1592704304259,"e":"aggTrade","p":"0.00000483","f":9023677},{"m":true,"E":1592704306487,"l":9023683,"M":true,"q":"2579.00000000","s":"MANABTC","a":6591346,"T":1592704306486,"e":"aggTrade","p":"0.00000483","f":9023683},{"m":true,"E":1592704307221,"l":9023684,"M":true,"q":"5097.00000000","s":"MANABTC","a":6591347,"T":1592704307220,"e":"aggTrade","p":"0.00000483","f":9023684}]]},{"peak":"4.54545455|521,-3.78787879|699,6.20155039|882,-4.65116279|735,-10.30534351|1710,3.21428571|390,-9.64285714|690,9.25266904|1230,-17.43772242|120,3.77358491|240,-11.32075472|90,4.11764706|330,-22.05882353|1230,10.96256684|750,-6.41711230|390,3.37662338|60,-5.45454545|150,8.55614973|510,-6.95187166|210,7.81671159|510,-14.28571429|240,39.01639344|840,-5.24590164|90,5.94059406|180,-6.93069307|240,16.96750903|1080,-9.02527076|420,9.42028986|810,-3.26086957|270,10.03861004|870,-13.51351351|1920,5.37634409|300,-9.31899642|210,11.72161172|750,-6.95970696|930,4.65949821|900,-5.37634409|660,3.88692580|120,-11.30742049|570,4.65116279|300,-6.64451827|150,12.63157895|570,-5.26315789|570,18.11023622|1470,-3.54330709|660,5.20000000|180,-18.40000000|570,9.62962963|1020,-4.81481481|540,5.99250936|690","transactionList":[{},{},{},{},{},{},{},{},{},{},{},{},{},{},{},{},{},{},{},{},{},{},{},{},{},{},{},{},{},{},{},{},{},{},{},{},{},{},{},{},{},{},{},{},{},{},{},{},{},{}]},{"peak":"-8.60061287|3573,10.70387339|3180,-3.26947105|870,4.00587248|180,-9.14429530|1440,7.56510955|2430,-4.65068210|900,3.07410423|120,-4.09201954|540,8.67162593|5220,-9.62805526|5190,3.32532051|1020,-3.54567308|840,5.94384095|1380,-8.30088133|120,3.20312500|210,-3.78906250|780,7.92038993|330,-8.24532900|720,3.03498937|630,-8.60061287|3573","transactionList":[{},{},{},{},{},{},{},{},{},{},{},{},{},{},{},{},{},{},{},{},[]]},{"peak":"-10.04608295|1046,3.01984469|207,-3.88265746|348,4.42324371|549,-12.83607979|447,7.16639209|372,-6.01317957|630,3.37349398|210,-15.18072289|1830,6.06508876|210,-4.21597633|330,11.47151899|690,-5.77531646|300,10.31353135|300,-3.46534653|60,5.11316010|210,-19.69823973|1110,6.25000000|270,-7.29166667|720,8.33959429|360,-5.78512397|180,3.68188513|330,-14.13843888|900,10.87267525|90,-3.93419170|60,21.99832074|540,-3.94626364|60,4.12111018|90,-4.28931876|150,11.21076233|180,-19.64125561|810,12.95512278|300,-7.19729043|180,7.83645656|150,-5.62180579|90,18.09523810|300,-5.80952381|300,5.60836502|540,-4.18250951|360,3.78787879|210,-3.69318182|300,4.78468900|150,-8.03827751|750,3.01094891|60,-10.67518248|420,3.76390077|240,-4.79041916|300,11.16152450|210,-3.72050817|90,6.82242991|270,-8.78504673|210,15.82089552|210,-4.77611940|240,8.78099174|240,-6.61157025|540,11.08719053|330,-5.48977395|960,3.59408034|90,-10.57082452|720,6.08519270|330,-5.98377282|420,3.15893386|180,-10.85883514|390,8.18882466|150,-14.45086705|210,16.35651322|210,-4.79921645|150,26.62721893|270,-3.19526627|150,12.80724450|300,-5.56274256|600,5.97402597|240,-10.00000000|270,13.08411215|240,-30.57409880|900,17.26618705|630,-10.19184652|270,5.02857143|180,-42.05714286|600,12.89736603|120,-13.80563124|480,2.20228385|30,-10.24930748|1611","transactionList":[{},{},{},{},{},{},{},{},{},{},{},{},{},{},{},{},{},{},{},{},{},{},{},{},{},{},{},{},{},{},{},{},{},{},{},{},{},{},{},{},{},{},{},{},{},{},{},{},{},{},{},{},{},{},{},{},{},{},{},{},{},{},{},{},{},{},{},{},{},{},{},{},{},{},{},{},{},{},{},{},{},{},[{"m":true,"E":1592700797391,"l":6728464,"M":true,"q":"15959.00000000","s":"ASTBTC","a":4979906,"T":1592700797388,"e":"aggTrade","p":"0.00000544","f":6728458},{"m":true,"E":1592700797391,"l":6728468,"M":true,"q":"5345.00000000","s":"ASTBTC","a":4979907,"T":1592700797388,"e":"aggTrade","p":"0.00000543","f":6728465},{"m":true,"E":1592700797391,"l":6728469,"M":true,"q":"886.00000000","s":"ASTBTC","a":4979908,"T":1592700797388,"e":"aggTrade","p":"0.00000543","f":6728469},{"m":true,"E":1592700809202,"l":6728478,"M":true,"q":"18050.00000000","s":"ASTBTC","a":4979909,"T":1592700809199,"e":"aggTrade","p":"0.00000543","f":6728470},{"m":false,"E":1592700823872,"l":6728479,"M":true,"q":"606.00000000","s":"ASTBTC","a":4979910,"T":1592700823871,"e":"aggTrade","p":"0.00000543","f":6728479},{"m":true,"E":1592700843042,"l":6728493,"M":true,"q":"26742.00000000","s":"ASTBTC","a":4979911,"T":1592700843038,"e":"aggTrade","p":"0.00000542","f":6728480},{"m":false,"E":1592700852238,"l":6728494,"M":true,"q":"165.00000000","s":"ASTBTC","a":4979912,"T":1592700852237,"e":"aggTrade","p":"0.00000542","f":6728494},{"m":false,"E":1592700864772,"l":6728495,"M":true,"q":"8012.00000000","s":"ASTBTC","a":4979913,"T":1592700864771,"e":"aggTrade","p":"0.00000542","f":6728495}]]},{"peak":"3.64145658|6901,-4.70588235|2190,3.25966851|2820,-9.11602210|11430,5.50213675|3120,-5.44871795|2790","transactionList":[{},{},{},{},{},{}]},{"peak":"-6.13848768|2289,6.38705557|489,-5.66318927|1680,3.46049614|1320,-5.56597874|1290,7.47028862|840,-17.16893039|2130,3.91492565|240,-5.51477508|270,3.91102873|300,-4.43002780|120,13.61161525|450,-9.13490623|300,24.01466544|720,-14.80293309|1380,4.28809326|150,-27.58118235|8340,6.88873387|270,-4.81339379|870,7.32142857|660,-3.21428571|180,9.09777274|1260,-3.17100793|150,5.05477609|180,-6.84220642|330,4.55143878|270,-3.61105887|210,4.41622441|180,-14.48066717|810,16.17618773|630,-8.69397961|600,3.51712768|120,-9.56219088|540","transactionList":[{},{},{},{},{},{},{},{},{},{},{},{},{},{},{},{},{},{},{},{},{},{},{},{},{},{},{},{},{},{},{},{},{}]},{"peak":"-4.74732006|903,8.05687204|975,-5.21327014|492,4.38871473|555,-7.36677116|1710,3.16265060|180,-3.46385542|210,16.63837012|2070,-3.39558574|210,3.92491468|240,-7.33788396|480,3.62438221|390,-7.74299835|690,14.73684211|1950,-6.14035088|570,7.26950355|570,-5.49645390|360,3.83944154|60,-9.59860384|450,8.08950086|900,-5.33562823|120,10.66907776|1080,-5.78661844|510,7.14285714|840,-10.25641026|1140,8.27338129|360,-6.83453237|390,4.94699647|150,-8.12720848|180,25.40983607|3900,-6.76229508|1620,10.85106383|1470,-3.82978723|180,4.27350427|180,-4.48717949|420,6.07375271|120,-8.67678959|120,3.08641975|240,-3.90946502|180,7.44680851|900,-7.23404255|450,8.62068966|720","transactionList":[{},{},{},{},{},{},{},{},{},{},{},{},{},{},{},{},{},{},{},{},{},{},{},{},{},{},{},{},{},{},{},{},{},{},{},{},{},{},{},{},{},{}]},{"peak":"-8.06363735|17790,4.99735310|3090,-4.70089995|2220","transactionList":[{},{},{}]},{"peak":"-6.38914777|454,3.42258909|332,-3.40245621|96,6.84418556|624,-3.44289578|264,12.44911805|2409,-4.00271370|1740,6.02881844|1050,-4.19596542|570,4.18395574|330,-12.45965883|3000,4.72255018|360,-3.67070946|300,6.44699140|840,-6.48005290|210,3.10532494|60,-4.17244691|120,6.51391162|60,-13.32242226|90,5.12145749|450,-4.71659919|510,5.45306289|300,-3.20048925|90,11.47198062|870,-6.11031597|540,14.62892483|3090,-3.43720266|300,7.44996294|3690,-4.75660983|1830,6.42650935|2250,-8.05824024|240,5.60598626|930,-4.51422964|810,-6.38914777|454","transactionList":[{},{},{},{},{},{},{},{},{},{},{},{},{},{},{},{},{},{},{},{},{},{},{},{},{},{},{},{},{},{},{},{},{},[]]},{"peak":"-4.35168739|652,4.53736655|648,-5.24911032|420,8.93186004|597,-5.70902394|270,6.79069767|1701,-7.81395349|2670,8.11567164|990,-9.70149254|360,5.28200537|120,-8.50492390|1290,16.98841699|2970,-8.97683398|570,3.01094891|30,-4.65328467|90,14.47105788|4680,-6.78642715|2880,4.39024390|780,-3.70731707|1020,4.11361410|390,-3.52595495|480,3.02144250|120,-3.31384016|360,3.11284047|150,-3.40466926|210,3.50535540|180,-4.57643622|270,15.48387097|2220,-9.46236559|480,3.24543611|720,-3.24543611|180,3.45528455|180,-8.63821138|180,7.97979798|660,-1.71717172|300,-4.35168739|652,6.74955595|451","transactionList":[{},{},{},{},{},{},{},{},{},{},{},{},{},{},{},{},{},{},{},{},{},{},{},{},{},{},{},{},{},{},{},{},{},{},{},[{"m":true,"l":2524612,"M":true,"q":"190.00000000","a":1730703,"T":1592681255061,"p":"0.00000564","f":2524612},{"m":true,"l":2524613,"M":true,"q":"44.00000000","a":1730704,"T":1592681270134,"p":"0.00000564","f":2524613},{"m":true,"l":2524617,"M":true,"q":"25351.00000000","a":1730705,"T":1592681270134,"p":"0.00000563","f":2524614}],[{"m":true,"E":1592708308864,"l":2526178,"M":true,"q":"10000.00000000","s":"ARDRBTC","a":1731519,"T":1592708308863,"e":"aggTrade","p":"0.00000600","f":2526178},{"m":true,"E":1592708331877,"l":2526179,"M":true,"q":"22.00000000","s":"ARDRBTC","a":1731520,"T":1592708331876,"e":"aggTrade","p":"0.00000600","f":2526179},{"m":true,"E":1592708331931,"l":2526180,"M":true,"q":"1150.00000000","s":"ARDRBTC","a":1731521,"T":1592708331930,"e":"aggTrade","p":"0.00000600","f":2526180},{"m":false,"E":1592708359937,"l":2526181,"M":true,"q":"17.00000000","s":"ARDRBTC","a":1731522,"T":1592708359936,"e":"aggTrade","p":"0.00000601","f":2526181},{"m":false,"E":1592708366430,"l":2526187,"M":true,"q":"1349.00000000","s":"ARDRBTC","a":1731523,"T":1592708366428,"e":"aggTrade","p":"0.00000601","f":2526182},{"m":true,"E":1592708382742,"l":2526188,"M":true,"q":"36.00000000","s":"ARDRBTC","a":1731524,"T":1592708382741,"e":"aggTrade","p":"0.00000600","f":2526188},{"m":true,"E":1592708416225,"l":2526189,"M":true,"q":"334.00000000","s":"ARDRBTC","a":1731525,"T":1592708416224,"e":"aggTrade","p":"0.00000600","f":2526189}]]},{"peak":"7.65726681|2908,-9.24078091|6819,5.35564854|1320,-3.84937238|900,7.14439888|780,-14.84998921|4140,11.01606509|1860,-6.00876278|2580,7.51163775|2070,-3.13161236|570,11.27853881|3180,-6.80365297|360,4.98204668|1110,-7.04667864|540,6.54456109|630","transactionList":[{},{},{},{},{},{},{},{},{},{},{},{},{},{},{}]},{"peak":"","transactionList":[]},{"peak":"-8.67947422|23824,8.19157289|3090,-5.09934975|2790","transactionList":[{},{},{}]},{"peak":"3.55871886|58,-4.27046263|77,4.27046263|300,-6.04982206|276,9.86175115|523,-7.18894009|717,6.50183150|405,-6.13553114|372,7.91433892|675,-5.12104283|1230,5.61272217|690,-3.36763330|660,4.34372049|660,-3.39943343|480,9.60960961|780,-13.21321321|2610,8.64553314|2070,-3.17002882|390,3.36862368|30,-9.04716073|600,5.98690365|330,-7.20299345|270,3.15031503|150,-8.28082808|270,11.49212234|2280,-6.02409639|720,13.71769384|1320,-3.18091451|120,3.07845084|570,-7.05064548|1110,5.68627451|600,-4.70588235|450,9.09090909|1200,-9.60163432|630,4.17475728|510,-3.10679612|90,3.81231672|150,-12.21896383|390,11.02514507|90,-4.64216634|60,6.18253189|90,-4.80863592|180,3.99221032|210,-3.70009737|60,14.76293103|600,-3.34051724|90,13.08962264|870,-10.96698113|450,12.96518607|990,-10.56422569|1140,3.55871886|58","transactionList":[{},{},{},{},{},{},{},{},{},{},{},{},{},{},{},{},{},{},{},{},{},{},{},{},{},{},{},{},{},{},{},{},{},{},{},{},{},{},{},{},{},{},{},{},{},{},{},{},{},{},[]]},{"peak":"-4.19384902|191,5.32265662|95,-8.05463966|452,12.50613046|1446,-3.20009809|219,3.91358025|258,-7.27160494|1476,3.48975703|150,-5.93139590|360,26.31728448|3150,-11.78809828|1200,14.13863109|3390,-5.59744780|180,8.10570071|90,-9.69418052|540,7.67997668|600,-10.06995045|4020,13.75000000|1050,-7.83132530|1140,7.55595614|930,-5.40784137|870,5.78923564|1110,-7.82451379|1020,14.61538462|2040,-4.07051282|330,3.73801917|270,-7.61980831|990,3.20159314|630,-6.80147059|870,7.52621838|480,-4.30320700|487,5.78425656|415","transactionList":[{},{},{},{},{},{},{},{},{},{},{},{},{},{},{},{},{},{},{},{},{},{},{},{},{},{},{},{},{},{},[{"m":true,"E":1592688183047,"l":8024998,"M":true,"q":"3.00000000","s":"NULSBTC","a":6865946,"T":1592688183046,"e":"aggTrade","p":"0.00004286","f":8024998},{"m":true,"E":1592688183047,"l":8024999,"M":true,"q":"5.00000000","s":"NULSBTC","a":6865947,"T":1592688183046,"e":"aggTrade","p":"0.00004285","f":8024999},{"m":true,"E":1592688183047,"l":8025000,"M":true,"q":"16.00000000","s":"NULSBTC","a":6865948,"T":1592688183046,"e":"aggTrade","p":"0.00004284","f":8025000},{"m":true,"E":1592688195492,"l":8025001,"M":true,"q":"455.00000000","s":"NULSBTC","a":6865949,"T":1592688195491,"e":"aggTrade","p":"0.00004286","f":8025001},{"m":false,"E":1592688253138,"l":8025002,"M":true,"q":"140.00000000","s":"NULSBTC","a":6865950,"T":1592688253137,"e":"aggTrade","p":"0.00004293","f":8025002}],[{"m":false,"E":1592713105866,"l":8026627,"M":true,"q":"94.00000000","s":"NULSBTC","a":6867207,"T":1592713105864,"e":"aggTrade","p":"0.00004531","f":8026627},{"m":false,"E":1592713105866,"l":8026628,"M":true,"q":"9.00000000","s":"NULSBTC","a":6867208,"T":1592713105864,"e":"aggTrade","p":"0.00004532","f":8026628},{"m":false,"E":1592713105866,"l":8026631,"M":true,"q":"441.00000000","s":"NULSBTC","a":6867209,"T":1592713105864,"e":"aggTrade","p":"0.00004533","f":8026629},{"m":true,"E":1592713105935,"l":8026632,"M":true,"q":"36.00000000","s":"NULSBTC","a":6867210,"T":1592713105934,"e":"aggTrade","p":"0.00004533","f":8026632},{"m":true,"E":1592713107006,"l":8026633,"M":true,"q":"39.00000000","s":"NULSBTC","a":6867211,"T":1592713107005,"e":"aggTrade","p":"0.00004533","f":8026633},{"m":true,"E":1592713108452,"l":8026634,"M":true,"q":"48.00000000","s":"NULSBTC","a":6867212,"T":1592713108451,"e":"aggTrade","p":"0.00004533","f":8026634},{"m":true,"E":1592713108683,"l":8026635,"M":true,"q":"30.00000000","s":"NULSBTC","a":6867213,"T":1592713108682,"e":"aggTrade","p":"0.00004533","f":8026635},{"m":true,"E":1592713115648,"l":8026636,"M":true,"q":"43.00000000","s":"NULSBTC","a":6867214,"T":1592713115647,"e":"aggTrade","p":"0.00004533","f":8026636},{"m":true,"E":1592713116675,"l":8026637,"M":true,"q":"39.00000000","s":"NULSBTC","a":6867215,"T":1592713116673,"e":"aggTrade","p":"0.00004533","f":8026637},{"m":true,"E":1592713117098,"l":8026638,"M":true,"q":"130.00000000","s":"NULSBTC","a":6867216,"T":1592713117097,"e":"aggTrade","p":"0.00004533","f":8026638},{"m":true,"E":1592713117703,"l":8026639,"M":true,"q":"30.00000000","s":"NULSBTC","a":6867217,"T":1592713117702,"e":"aggTrade","p":"0.00004533","f":8026639},{"m":true,"E":1592713119072,"l":8026640,"M":true,"q":"30.00000000","s":"NULSBTC","a":6867218,"T":1592713119070,"e":"aggTrade","p":"0.00004533","f":8026640},{"m":false,"E":1592713133424,"l":8026642,"M":true,"q":"19.00000000","s":"NULSBTC","a":6867219,"T":1592713133423,"e":"aggTrade","p":"0.00004534","f":8026641},{"m":false,"E":1592713136751,"l":8026643,"M":true,"q":"5.00000000","s":"NULSBTC","a":6867220,"T":1592713136750,"e":"aggTrade","p":"0.00004535","f":8026643},{"m":true,"E":1592713138035,"l":8026644,"M":true,"q":"3.00000000","s":"NULSBTC","a":6867221,"T":1592713138034,"e":"aggTrade","p":"0.00004535","f":8026644},{"m":true,"E":1592713149801,"l":8026645,"M":true,"q":"8.00000000","s":"NULSBTC","a":6867222,"T":1592713149800,"e":"aggTrade","p":"0.00004535","f":8026645},{"m":true,"E":1592713151831,"l":8026646,"M":true,"q":"2.00000000","s":"NULSBTC","a":6867223,"T":1592713151829,"e":"aggTrade","p":"0.00004535","f":8026646},{"m":true,"E":1592713151831,"l":8026647,"M":true,"q":"90.00000000","s":"NULSBTC","a":6867224,"T":1592713151829,"e":"aggTrade","p":"0.00004533","f":8026647},{"m":false,"E":1592713154270,"l":8026649,"M":true,"q":"165.00000000","s":"NULSBTC","a":6867225,"T":1592713154269,"e":"aggTrade","p":"0.00004536","f":8026648},{"m":true,"E":1592713163057,"l":8026650,"M":true,"q":"24.00000000","s":"NULSBTC","a":6867226,"T":1592713162998,"e":"aggTrade","p":"0.00004533","f":8026650},{"m":true,"E":1592713163635,"l":8026651,"M":true,"q":"120.00000000","s":"NULSBTC","a":6867227,"T":1592713163589,"e":"aggTrade","p":"0.00004533","f":8026651},{"m":true,"E":1592713163666,"l":8026652,"M":true,"q":"1.00000000","s":"NULSBTC","a":6867228,"T":1592713163632,"e":"aggTrade","p":"0.00004524","f":8026652},{"m":true,"E":1592713163666,"l":8026653,"M":true,"q":"3.00000000","s":"NULSBTC","a":6867229,"T":1592713163632,"e":"aggTrade","p":"0.00004520","f":8026653},{"m":true,"E":1592713163666,"l":8026654,"M":true,"q":"53.00000000","s":"NULSBTC","a":6867230,"T":1592713163632,"e":"aggTrade","p":"0.00004510","f":8026654},{"m":false,"E":1592713178171,"l":8026655,"M":true,"q":"3.00000000","s":"NULSBTC","a":6867231,"T":1592713178169,"e":"aggTrade","p":"0.00004532","f":8026655}]]},{"peak":"-4.49804433|1637,6.15894040|618,-6.35761589|774,12.82051282|4830,-12.39901651|2430,8.54816825|2280,-5.46132972|360,3.11774461|60,-9.88391376|570,4.01883830|360,-3.23390895|630,4.71337580|720,-5.47770701|1290,4.31496063|180,-9.22834646|420,21.55625657|1770,-5.57308097|2460,3.32761578|960,-3.60205832|930,14.00528501|2760,-4.11476029|240,6.52761684|690,-7.18424102|240,5.23321957|1050,-3.60257869|750,2.93896006|600","transactionList":[{},{},{},{},{},{},{},{},{},{},{},{},{},{},{},{},{},{},{},{},{},{},{},{},{},{}]},{"peak":"6.07661823|4920,-6.73712021|1530,6.17608410|3090,-3.28515112|270,4.38247012|240,-9.42895086|510,3.38770389|360,-7.40276035|540,12.77997365|4110,-4.34782609|1620,6.45161290|2880,-3.36021505|540,6.36237898|2550,-11.47994467|1620,5.77427822|1380,-3.54330709|210,4.78087649|240","transactionList":[{},{},{},{},{},{},{},{},{},{},{},{},{},{},{},{},{}]},{"peak":"3.94265233|237,-6.09318996|1405,4.22535211|798,-6.69014085|1164,4.48275862|390,-6.55172414|240,19.76744186|3300,-3.10077519|240,4.72440945|180,-14.96062992|1080,16.33466135|3660,-12.74900398|660,6.39097744|630,-10.52631579|630,14.39688716|2400,-8.56031128|810,8.98437500|960,-3.90625000|150,9.46502058|4260,-5.76131687|720,11.73913043|2250,-4.34782609|210,8.59728507|720,-14.93212670|300,6.27615063|1140,-6.27615063|120,11.40350877|1080","transactionList":[{},{},{},{},{},{},{},{},{},{},{},{},{},{},{},{},{},{},{},{},{},{},{},{},{},{},{}]},{"peak":"7.80287474|2220,-6.05749487|2328,4.18557741|1140,-3.47957640|1530,6.59740260|690,-13.24675325|1140,8.67397807|2580,-4.28713858|480,7.50256937|480,-15.87872559|600,9.62566845|3120,-3.30578512|630,7.10685484|1980,-6.19959677|540,5.77309237|480,-3.71485944|570,8.96624473|2460,-4.43037975|480,8.73146623|3540,-8.51180670|540,6.40818525|1890","transactionList":[{},{},{},{},{},{},{},{},{},{},{},{},{},{},{},{},{},{},{},{},{}]},{"peak":"3.04849885|122,-7.86759045|98,5.54383851|191,-10.54534498|491,5.50682962|216,-4.74478792|78,7.03790773|315,-30.20863944|669,7.13249516|72,-7.90618956|108,6.87260536|87,-9.90181992|60,14.62287712|153,-5.10739261|30,6.53081888|42,-21.80736616|174,6.62530468|63,-11.73277199|120,28.98068807|150,-4.09259496|30,46.35856860|450,-3.20086315|90,19.28912908|300,-8.04406568|2520,6.01672445|180,-5.52722823|300,7.23316062|480,-3.23316062|330,4.27046263|150,-15.21875654|1380,3.12909874|210,-4.85291362|570,10.63661526|1560,-5.02174773|420,5.64836913|510,-5.98647574|390,3.29521225|30,-9.51734832|750,10.89303238|600,-3.74877331|90,6.76630984|300,-8.60432236|990,5.12218964|540,-9.09090909|420,25.39325843|2040,-13.37078652|2220,7.84523301|780,-3.63403164|270,12.56094730|990,-8.82284653|1350,4.48060633|240,-3.12082033|300,20.37470726|2130,-11.31928181|1200,4.44335938|240,-6.49414063|120,8.10408922|1020,-6.15384615|255","transactionList":[{},{},{},{},{},{},{},{},{},{},{},{},{},{},{},{},{},{},{},{},{},{},{},{},{},{},{},{},{},{},{},{},{},{},{},{},{},{},{},{},{},{},{},{},{},{},{},{},{},{},{},{},{},{},{},{},{},[{"m":true,"E":1592698386028,"l":2756957,"M":true,"q":"138.00000000","s":"OGNBTC","a":1865470,"T":1592698386026,"e":"aggTrade","p":"0.00003153","f":2756957},{"m":true,"E":1592698386028,"l":2756958,"M":true,"q":"63.00000000","s":"OGNBTC","a":1865471,"T":1592698386026,"e":"aggTrade","p":"0.00003151","f":2756958},{"m":true,"E":1592698386100,"l":2756960,"M":true,"q":"314.00000000","s":"OGNBTC","a":1865472,"T":1592698386098,"e":"aggTrade","p":"0.00003151","f":2756959},{"m":true,"E":1592698392821,"l":2756962,"M":true,"q":"154.00000000","s":"OGNBTC","a":1865473,"T":1592698392820,"e":"aggTrade","p":"0.00003152","f":2756961},{"m":true,"E":1592698406847,"l":2756963,"M":true,"q":"124.00000000","s":"OGNBTC","a":1865474,"T":1592698406846,"e":"aggTrade","p":"0.00003153","f":2756963},{"m":false,"E":1592698406860,"l":2756964,"M":true,"q":"1.00000000","s":"OGNBTC","a":1865475,"T":1592698406858,"e":"aggTrade","p":"0.00003155","f":2756964},{"m":true,"E":1592698417148,"l":2756965,"M":true,"q":"118.00000000","s":"OGNBTC","a":1865476,"T":1592698417147,"e":"aggTrade","p":"0.00003153","f":2756965},{"m":true,"E":1592698431832,"l":2756967,"M":true,"q":"192.00000000","s":"OGNBTC","a":1865477,"T":1592698431830,"e":"aggTrade","p":"0.00003153","f":2756966},{"m":true,"E":1592698431832,"l":2756969,"M":true,"q":"1770.00000000","s":"OGNBTC","a":1865478,"T":1592698431830,"e":"aggTrade","p":"0.00003152","f":2756968},{"m":true,"E":1592698437944,"l":2756970,"M":true,"q":"37.00000000","s":"OGNBTC","a":1865479,"T":1592698437943,"e":"aggTrade","p":"0.00003154","f":2756970},{"m":true,"E":1592698439737,"l":2756971,"M":true,"q":"127.00000000","s":"OGNBTC","a":1865480,"T":1592698439736,"e":"aggTrade","p":"0.00003154","f":2756971},{"m":true,"E":1592698445078,"l":2756973,"M":true,"q":"517.00000000","s":"OGNBTC","a":1865481,"T":1592698445074,"e":"aggTrade","p":"0.00003154","f":2756972},{"m":true,"E":1592698445078,"l":2756974,"M":true,"q":"4165.00000000","s":"OGNBTC","a":1865482,"T":1592698445074,"e":"aggTrade","p":"0.00003153","f":2756974},{"m":true,"E":1592698445078,"l":2756975,"M":true,"q":"55.00000000","s":"OGNBTC","a":1865483,"T":1592698445074,"e":"aggTrade","p":"0.00003152","f":2756975},{"m":true,"E":1592698445078,"l":2756976,"M":true,"q":"7704.00000000","s":"OGNBTC","a":1865484,"T":1592698445074,"e":"aggTrade","p":"0.00003151","f":2756976},{"m":true,"E":1592698445078,"l":2756984,"M":true,"q":"5292.00000000","s":"OGNBTC","a":1865485,"T":1592698445074,"e":"aggTrade","p":"0.00003150","f":2756977},{"m":true,"E":1592698445078,"l":2756985,"M":true,"q":"636.00000000","s":"OGNBTC","a":1865486,"T":1592698445074,"e":"aggTrade","p":"0.00003150","f":2756985},{"m":true,"E":1592698446845,"l":2756988,"M":true,"q":"6535.00000000","s":"OGNBTC","a":1865487,"T":1592698446843,"e":"aggTrade","p":"0.00003150","f":2756986},{"m":false,"E":1592698448128,"l":2756989,"M":true,"q":"7.00000000","s":"OGNBTC","a":1865488,"T":1592698448127,"e":"aggTrade","p":"0.00003155","f":2756989},{"m":false,"E":1592698450659,"l":2756990,"M":true,"q":"1892.00000000","s":"OGNBTC","a":1865489,"T":1592698450658,"e":"aggTrade","p":"0.00003155","f":2756990},{"m":false,"E":1592698450672,"l":2756992,"M":true,"q":"27.00000000","s":"OGNBTC","a":1865490,"T":1592698450671,"e":"aggTrade","p":"0.00003156","f":2756991},{"m":false,"E":1592698450686,"l":2756993,"M":true,"q":"481.00000000","s":"OGNBTC","a":1865491,"T":1592698450685,"e":"aggTrade","p":"0.00003157","f":2756993},{"m":true,"E":1592698451373,"l":2756996,"M":true,"q":"208.00000000","s":"OGNBTC","a":1865492,"T":1592698451371,"e":"aggTrade","p":"0.00003155","f":2756994},{"m":true,"E":1592698452770,"l":2756997,"M":true,"q":"116.00000000","s":"OGNBTC","a":1865493,"T":1592698452769,"e":"aggTrade","p":"0.00003155","f":2756997},{"m":true,"E":1592698457395,"l":2756998,"M":true,"q":"25.00000000","s":"OGNBTC","a":1865494,"T":1592698457392,"e":"aggTrade","p":"0.00003156","f":2756998},{"m":true,"E":1592698457395,"l":2756999,"M":true,"q":"2106.00000000","s":"OGNBTC","a":1865495,"T":1592698457392,"e":"aggTrade","p":"0.00003155","f":2756999},{"m":true,"E":1592698457395,"l":2757000,"M":true,"q":"2435.00000000","s":"OGNBTC","a":1865496,"T":1592698457392,"e":"aggTrade","p":"0.00003154","f":2757000},{"m":true,"E":1592698457395,"l":2757003,"M":true,"q":"3336.00000000","s":"OGNBTC","a":1865497,"T":1592698457392,"e":"aggTrade","p":"0.00003150","f":2757001},{"m":true,"E":1592698458486,"l":2757004,"M":true,"q":"36.00000000","s":"OGNBTC","a":1865498,"T":1592698458485,"e":"aggTrade","p":"0.00003153","f":2757004},{"m":true,"E":1592698467892,"l":2757005,"M":true,"q":"21.00000000","s":"OGNBTC","a":1865499,"T":1592698467890,"e":"aggTrade","p":"0.00003156","f":2757005},{"m":true,"E":1592698467892,"l":2757006,"M":true,"q":"266.00000000","s":"OGNBTC","a":1865500,"T":1592698467890,"e":"aggTrade","p":"0.00003155","f":2757006},{"m":true,"E":1592698467892,"l":2757007,"M":true,"q":"338.00000000","s":"OGNBTC","a":1865501,"T":1592698467890,"e":"aggTrade","p":"0.00003151","f":2757007},{"m":true,"E":1592698467892,"l":2757008,"M":true,"q":"80.00000000","s":"OGNBTC","a":1865502,"T":1592698467890,"e":"aggTrade","p":"0.00003150","f":2757008},{"m":false,"E":1592698473430,"l":2757009,"M":true,"q":"6.00000000","s":"OGNBTC","a":1865503,"T":1592698473429,"e":"aggTrade","p":"0.00003158","f":2757009},{"m":false,"E":1592698473434,"l":2757010,"M":true,"q":"428.00000000","s":"OGNBTC","a":1865504,"T":1592698473433,"e":"aggTrade","p":"0.00003159","f":2757010},{"m":false,"E":1592698473447,"l":2757011,"M":true,"q":"10.00000000","s":"OGNBTC","a":1865505,"T":1592698473446,"e":"aggTrade","p":"0.00003163","f":2757011},{"m":false,"E":1592698473447,"l":2757012,"M":true,"q":"4.00000000","s":"OGNBTC","a":1865506,"T":1592698473446,"e":"aggTrade","p":"0.00003164","f":2757012},{"m":false,"E":1592698473470,"l":2757013,"M":true,"q":"6.00000000","s":"OGNBTC","a":1865507,"T":1592698473469,"e":"aggTrade","p":"0.00003162","f":2757013},{"m":false,"E":1592698473555,"l":2757014,"M":true,"q":"14.00000000","s":"OGNBTC","a":1865508,"T":1592698473554,"e":"aggTrade","p":"0.00003167","f":2757014},{"m":false,"E":1592698473571,"l":2757015,"M":true,"q":"7.00000000","s":"OGNBTC","a":1865509,"T":1592698473570,"e":"aggTrade","p":"0.00003168","f":2757015},{"m":false,"E":1592698473579,"l":2757016,"M":true,"q":"1000.00000000","s":"OGNBTC","a":1865510,"T":1592698473578,"e":"aggTrade","p":"0.00003169","f":2757016},{"m":true,"E":1592698476397,"l":2757017,"M":true,"q":"6.00000000","s":"OGNBTC","a":1865511,"T":1592698476395,"e":"aggTrade","p":"0.00003161","f":2757017},{"m":true,"E":1592698476397,"l":2757018,"M":true,"q":"52.00000000","s":"OGNBTC","a":1865512,"T":1592698476395,"e":"aggTrade","p":"0.00003160","f":2757018},{"m":false,"E":1592698501418,"l":2757020,"M":true,"q":"2106.00000000","s":"OGNBTC","a":1865513,"T":1592698501416,"e":"aggTrade","p":"0.00003169","f":2757019},{"m":false,"E":1592698501418,"l":2757021,"M":true,"q":"4813.00000000","s":"OGNBTC","a":1865514,"T":1592698501416,"e":"aggTrade","p":"0.00003170","f":2757021},{"m":true,"E":1592698501431,"l":2757022,"M":true,"q":"1578.00000000","s":"OGNBTC","a":1865515,"T":1592698501430,"e":"aggTrade","p":"0.00003170","f":2757022},{"m":false,"E":1592698501435,"l":2757024,"M":true,"q":"36.00000000","s":"OGNBTC","a":1865516,"T":1592698501434,"e":"aggTrade","p":"0.00003172","f":2757023},{"m":true,"E":1592698503666,"l":2757025,"M":true,"q":"6.00000000","s":"OGNBTC","a":1865517,"T":1592698503665,"e":"aggTrade","p":"0.00003163","f":2757025},{"m":true,"E":1592698503666,"l":2757026,"M":true,"q":"458.00000000","s":"OGNBTC","a":1865518,"T":1592698503665,"e":"aggTrade","p":"0.00003158","f":2757026}]]},{"peak":"7.63293310|1491,-4.88850772|495,7.28070175|417,-8.07017544|3804,5.93293207|1860,-10.92003439|2220,4.79285134|360,-8.69212023|810,13.87234043|1530,-8.93617021|3390,5.09031199|690,-4.92610837|1290,5.44554455|780,-13.44884488|5820,19.35763889|2250,-8.76736111|300,5.91715976|420,-9.97464074|1920,7.63293310|1491","transactionList":[{},{},{},{},{},{},{},{},{},{},{},{},{},{},{},{},{},{},[{"m":true,"l":5904707,"M":true,"q":"780.00000000","a":3389388,"T":1592686562065,"p":"0.00000626","f":5904707},{"m":false,"l":5904709,"M":true,"q":"86.00000000","a":3389389,"T":1592686570203,"p":"0.00000627","f":5904708},{"m":false,"l":5904710,"M":true,"q":"90.00000000","a":3389390,"T":1592686572480,"p":"0.00000627","f":5904710},{"m":true,"l":5904711,"M":true,"q":"398.00000000","a":3389391,"T":1592686575510,"p":"0.00000626","f":5904711},{"m":true,"l":5904714,"M":true,"q":"810.00000000","a":3389392,"T":1592686575510,"p":"0.00000626","f":5904712},{"m":true,"l":5904715,"M":true,"q":"164.00000000","a":3389393,"T":1592686578887,"p":"0.00000626","f":5904715},{"m":false,"l":5904716,"M":true,"q":"7187.00000000","a":3389394,"T":1592686584705,"p":"0.00000627","f":5904716},{"m":false,"l":5904721,"M":true,"q":"1196.00000000","a":3389395,"T":1592686584705,"p":"0.00000628","f":5904717},{"m":true,"l":5904722,"M":true,"q":"555.00000000","a":3389396,"T":1592686588555,"p":"0.00000626","f":5904722},{"m":true,"l":5904723,"M":true,"q":"732.00000000","a":3389397,"T":1592686590001,"p":"0.00000626","f":5904723},{"m":true,"l":5904724,"M":true,"q":"1028.00000000","a":3389398,"T":1592686591806,"p":"0.00000627","f":5904724},{"m":true,"l":5904725,"M":true,"q":"2947.00000000","a":3389399,"T":1592686592596,"p":"0.00000627","f":5904725},{"m":true,"l":5904726,"M":true,"q":"293.00000000","a":3389400,"T":1592686593652,"p":"0.00000627","f":5904726},{"m":false,"l":5904731,"M":true,"q":"1918.00000000","a":3389401,"T":1592686598832,"p":"0.00000628","f":5904727},{"m":true,"l":5904732,"M":true,"q":"2435.00000000","a":3389402,"T":1592686600398,"p":"0.00000627","f":5904732},{"m":false,"l":5904749,"M":true,"q":"18884.00000000","a":3389403,"T":1592686604511,"p":"0.00000628","f":5904733},{"m":true,"l":5904751,"M":true,"q":"160.00000000","a":3389404,"T":1592686613854,"p":"0.00000627","f":5904750},{"m":true,"l":5904754,"M":true,"q":"823.00000000","a":3389405,"T":1592686615545,"p":"0.00000626","f":5904752},{"m":false,"l":5904760,"M":true,"q":"13500.00000000","a":3389406,"T":1592686615830,"p":"0.00000628","f":5904755},{"m":false,"l":5904761,"M":true,"q":"427.00000000","a":3389407,"T":1592686616645,"p":"0.00000628","f":5904761},{"m":false,"l":5904762,"M":true,"q":"3514.00000000","a":3389408,"T":1592686618121,"p":"0.00000628","f":5904762},{"m":false,"l":5904766,"M":true,"q":"2360.00000000","a":3389409,"T":1592686624537,"p":"0.00000628","f":5904763},{"m":false,"l":5904767,"M":true,"q":"17.00000000","a":3389410,"T":1592686625045,"p":"0.00000627","f":5904767},{"m":false,"l":5904768,"M":true,"q":"1872.00000000","a":3389411,"T":1592686625045,"p":"0.00000628","f":5904768},{"m":false,"l":5904769,"M":true,"q":"1351.00000000","a":3389412,"T":1592686634548,"p":"0.00000627","f":5904769},{"m":true,"l":5904770,"M":true,"q":"208.00000000","a":3389413,"T":1592686634567,"p":"0.00000627","f":5904770},{"m":true,"l":5904771,"M":true,"q":"54.00000000","a":3389414,"T":1592686634697,"p":"0.00000627","f":5904771},{"m":true,"l":5904772,"M":true,"q":"61.00000000","a":3389415,"T":1592686634799,"p":"0.00000627","f":5904772},{"m":true,"l":5904773,"M":true,"q":"589.00000000","a":3389416,"T":1592686635288,"p":"0.00000627","f":5904773},{"m":true,"l":5904774,"M":true,"q":"186.00000000","a":3389417,"T":1592686635357,"p":"0.00000627","f":5904774},{"m":true,"l":5904775,"M":true,"q":"489.00000000","a":3389418,"T":1592686635371,"p":"0.00000627","f":5904775},{"m":false,"l":5904776,"M":true,"q":"160.00000000","a":3389419,"T":1592686639411,"p":"0.00000628","f":5904776},{"m":false,"l":5904777,"M":true,"q":"17.00000000","a":3389420,"T":1592686639583,"p":"0.00000628","f":5904777},{"m":false,"l":5904778,"M":true,"q":"17.00000000","a":3389421,"T":1592686639659,"p":"0.00000628","f":5904778},{"m":false,"l":5904779,"M":true,"q":"17.00000000","a":3389422,"T":1592686639713,"p":"0.00000628","f":5904779},{"m":false,"l":5904780,"M":true,"q":"18.00000000","a":3389423,"T":1592686639762,"p":"0.00000628","f":5904780},{"m":true,"l":5904781,"M":true,"q":"100.00000000","a":3389424,"T":1592686650529,"p":"0.00000627","f":5904781},{"m":true,"l":5904782,"M":true,"q":"26.00000000","a":3389425,"T":1592686650529,"p":"0.00000627","f":5904782},{"m":true,"l":5904784,"M":true,"q":"5055.00000000","a":3389426,"T":1592686652497,"p":"0.00000627","f":5904783},{"m":true,"l":5904787,"M":true,"q":"4134.00000000","a":3389427,"T":1592686652504,"p":"0.00000627","f":5904785},{"m":false,"l":5904788,"M":true,"q":"17.00000000","a":3389428,"T":1592686654057,"p":"0.00000627","f":5904788},{"m":false,"l":5904789,"M":true,"q":"65.00000000","a":3389429,"T":1592686658783,"p":"0.00000627","f":5904789},{"m":true,"l":5904790,"M":true,"q":"73.00000000","a":3389430,"T":1592686662931,"p":"0.00000627","f":5904790},{"m":true,"l":5904791,"M":true,"q":"18.00000000","a":3389431,"T":1592686663422,"p":"0.00000627","f":5904791},{"m":true,"l":5904792,"M":true,"q":"3791.00000000","a":3389432,"T":1592686665839,"p":"0.00000627","f":5904792},{"m":true,"l":5904793,"M":true,"q":"22.00000000","a":3389433,"T":1592686666404,"p":"0.00000627","f":5904793},{"m":true,"l":5904794,"M":true,"q":"11375.00000000","a":3389434,"T":1592686669820,"p":"0.00000627","f":5904794},{"m":true,"l":5904795,"M":true,"q":"8988.00000000","a":3389435,"T":1592686670651,"p":"0.00000627","f":5904795},{"m":true,"l":5904796,"M":true,"q":"6476.00000000","a":3389436,"T":1592686670668,"p":"0.00000627","f":5904796}]]},{"peak":"-4.29687500|923,6.37450199|1629,-7.56972112|912,7.56972112|600,-4.24966799|1260,8.87656033|2400,-15.67267684|2220,5.03778338|1320,-5.16372796|630,6.50510204|570,-13.26530612|540,3.13588850|60,-4.06504065|60,8.86998785|480,-3.64520049|420,3.64520049|180,-4.73876063|60,7.61548065|900,-6.49188514|990,5.43881335|450,-5.56242274|390,14.17112299|1410,-7.35294118|660,3.21336761|210,-3.47043702|360,16.66666667|2490,-5.79710145|2010,8.14814815|2640,-11.55555556|990,3.57634113|570,-7.97799175|630,4.52729694|660","transactionList":[{},{},{},{},{},{},{},{},{},{},{},{},{},{},{},{},{},{},{},{},{},{},{},{},{},{},{},{},{},{},{},{}]},{"peak":"-4.12575114|339,5.61956441|92,-4.86136921|162,3.46926801|66,-8.76485257|319,3.54000838|249,-9.01410418|297,5.55029746|99,-9.94456463|174,5.83067612|75,-6.61807770|60,3.67651712|21,-13.52274885|84,36.50890275|684,-3.85025110|90,13.50632069|3720,-8.47471723|2880,6.79603701|3000,-11.95447474|2610,4.58161236|960,-5.50711335|1380,10.33434650|1140,-6.96688530|2220,3.68274151|300,-9.26500233|390,5.76360225|150,-4.33771107|120,18.55547028|1410,-5.42338194|2100,9.48459086|1740,-8.62557563|2730","transactionList":[{},{},{},{},{},{},{},{},{},{},{},{},{},{},{},{},{},{},{},{},{},{},{},{},{},{},{},{},{},{},{}]},{"peak":"3.76811594|408,-6.95652174|1419,11.81818182|3930,-8.78787879|1740,13.60759494|3390,-14.87341772|930,6.45161290|840,-6.45161290|300,5.21739130|930,-6.08695652|750,3.38983051|630,-5.93220339|330,12.95180723|5700,-5.72289157|1650,8.00000000|1410,-9.84615385|1290,8.51063830|1050,-5.77507599|750,8.07453416|660","transactionList":[{},{},{},{},{},{},{},{},{},{},{},{},{},{},{},{},{},{},{}]},{"peak":"-8.30592105|969,4.97160506|593,-5.23064661|120,4.88579940|69,-5.92850050|129,3.82518980|24,-6.31691649|78,6.22386463|90,-6.14606632|54,4.80076812|33,-3.33173308|18,13.41553378|9,-3.98355991|60,5.05749574|174,-6.55877342|195,4.97168030|210,-16.20516048|1356,7.50048515|510,-7.26761110|150,4.75694115|60,-4.03676680|210,7.80636292|180,-8.34642577|150,33.40587595|810,-5.02962157|630,7.65894163|480,-3.39571198|210,9.70414201|480,-13.51742275|1650,4.66779825|330,-3.54025218|240,15.00134662|2490,-14.23377323|1200,16.47672662|1920,-3.55622683|1560,3.75567478|1320,-4.75993947|1320,3.64774738|1080,-4.72301620|450,7.41309507|1320,-3.67164596|1890,7.35868151|1860,-8.77548070|810,5.83767056|1080,-3.78393586|930,5.20461999|270,-9.45356327|1295","transactionList":[{},{},{},{},{},{},{},{},{},{},{},{},{},{},{},{},{},{},{},{},{},{},{},{},{},{},{},{},{},{},{},{},{},{},{},{},{},{},{},{},{},{},{},{},{},{},[{"m":true,"E":1592705269656,"l":9956137,"M":true,"q":"9.00000000","s":"STRATBTC","a":7938174,"T":1592705269556,"e":"aggTrade","p":"0.00004813","f":9956137},{"m":false,"E":1592705320640,"l":9956138,"M":true,"q":"21.00000000","s":"STRATBTC","a":7938175,"T":1592705320638,"e":"aggTrade","p":"0.00004814","f":9956138}]]},{"peak":"-3.98613518|72,5.82010582|219,-7.76014109|227,3.91156463|79,-4.59183673|97,7.32984293|177,-4.18848168|138,6.60714286|249,-4.28571429|90,17.50503018|732,-4.22535211|696,3.60000000|1260,-7.20000000|900,5.09803922|840,-5.49019608|240,10.24590164|360,-4.09836066|390,3.46232179|570,-3.46232179|240,3.04259635|150,-8.72210953|1140,6.13861386|1380,-4.75247525|840,3.11890838|420,-4.28849903|210,7.00000000|270,-3.60000000|90,9.28270042|780,-7.17299578|270,11.89427313|960,-4.62555066|300,3.93873085|720,-3.50109409|990,7.25623583|1500,-9.29705215|4020,6.16740088|1260,-6.16740088|330,7.82997763|1470,-3.13199105|180,8.21596244|1080,-3.28638498|120,6.28019324|810,-10.14492754|1740,3.40136054|150,-4.08163265|750","transactionList":[{},{},{},{},{},{},{},{},{},{},{},{},{},{},{},{},{},{},{},{},{},{},{},{},{},{},{},{},{},{},{},{},{},{},{},{},{},{},{},{},{},{},{},{},{}]},{"peak":"-6.78059537|297,9.11139276|782,-3.70370370|288,4.85547487|1161,-6.00882814|4560,3.35971123|750,-12.28654727|1080,6.44906554|690,-5.84364306|1050,6.48834746|420,-4.91260593|960,10.65642458|480,-12.76536313|810,8.78469415|450,-13.86418755|660,13.57344443|330,-3.33288536|120,12.13358612|780,-3.68966020|720,8.91544118|420,-7.58272059|8310,5.16621743|840,-4.49236298|630,6.97531811|330,-6.63804998|480,4.14732744|960,-4.92588711|540,2.24686315|780,-6.78059537|297","transactionList":[{},{},{},{},{},{},{},{},{},{},{},{},{},{},{},{},{},{},{},{},{},{},{},{},{},{},{},{},[]]},{"peak":"3.75939850|216,-3.38345865|13,8.26771654|1110,-3.54330709|240,6.91056911|606,-5.69105691|1419,6.55737705|660,-3.68852459|270,6.75105485|2760,-3.37552743|270,3.81355932|150,-9.32203390|1680,11.20689655|2100,-4.31034483|390,7.07964602|540,-18.14159292|1200,7.66129032|540,-4.03225806|120,12.66375546|3990,-5.67685590|2040,6.60792952|2520,-5.72687225|2490,5.26315789|570,-3.50877193|270,6.30630631|690,-9.45945946|510,3.84615385|930,-5.98290598|570,4.64135021|330,-5.06329114|390,12.40601504|944","transactionList":[{},{},{},{},{},{},{},{},{},{},{},{},{},{},{},{},{},{},{},{},{},{},{},{},{},{},{},{},{},{},[{"m":false,"E":1592709080562,"l":7717731,"M":true,"q":"12176.00000000","s":"CMTBTC","a":5969952,"T":1592709080556,"e":"aggTrade","p":"0.00000148","f":7717715},{"m":false,"E":1592709080562,"l":7717733,"M":true,"q":"2180.00000000","s":"CMTBTC","a":5969953,"T":1592709080559,"e":"aggTrade","p":"0.00000148","f":7717732},{"m":false,"E":1592709083717,"l":7717734,"M":true,"q":"2014.00000000","s":"CMTBTC","a":5969954,"T":1592709083715,"e":"aggTrade","p":"0.00000149","f":7717734},{"m":false,"E":1592709083763,"l":7717735,"M":true,"q":"1007.00000000","s":"CMTBTC","a":5969955,"T":1592709083762,"e":"aggTrade","p":"0.00000149","f":7717735},{"m":true,"E":1592709084115,"l":7717736,"M":true,"q":"699.00000000","s":"CMTBTC","a":5969956,"T":1592709084113,"e":"aggTrade","p":"0.00000148","f":7717736},{"m":true,"E":1592709097033,"l":7717737,"M":true,"q":"7566.00000000","s":"CMTBTC","a":5969957,"T":1592709097032,"e":"aggTrade","p":"0.00000148","f":7717737},{"m":true,"E":1592709097033,"l":7717738,"M":true,"q":"10235.00000000","s":"CMTBTC","a":5969958,"T":1592709097032,"e":"aggTrade","p":"0.00000147","f":7717738},{"m":true,"E":1592709098358,"l":7717739,"M":true,"q":"342.00000000","s":"CMTBTC","a":5969959,"T":1592709098357,"e":"aggTrade","p":"0.00000147","f":7717739},{"m":false,"E":1592709123122,"l":7717740,"M":true,"q":"55720.00000000","s":"CMTBTC","a":5969960,"T":1592709123121,"e":"aggTrade","p":"0.00000149","f":7717740},{"m":false,"E":1592709123272,"l":7717741,"M":true,"q":"58000.00000000","s":"CMTBTC","a":5969961,"T":1592709123271,"e":"aggTrade","p":"0.00000149","f":7717741},{"m":false,"E":1592709126636,"l":7717742,"M":true,"q":"15500.00000000","s":"CMTBTC","a":5969962,"T":1592709126635,"e":"aggTrade","p":"0.00000149","f":7717742},{"m":false,"E":1592709126724,"l":7717743,"M":true,"q":"3993.00000000","s":"CMTBTC","a":5969963,"T":1592709126723,"e":"aggTrade","p":"0.00000149","f":7717743},{"m":false,"E":1592709126853,"l":7717744,"M":true,"q":"3514.00000000","s":"CMTBTC","a":5969964,"T":1592709126852,"e":"aggTrade","p":"0.00000149","f":7717744},{"m":false,"E":1592709127084,"l":7717745,"M":true,"q":"11926.00000000","s":"CMTBTC","a":5969965,"T":1592709127083,"e":"aggTrade","p":"0.00000149","f":7717745},{"m":false,"E":1592709127184,"l":7717746,"M":true,"q":"3485.00000000","s":"CMTBTC","a":5969966,"T":1592709127182,"e":"aggTrade","p":"0.00000149","f":7717746},{"m":false,"E":1592709127235,"l":7717750,"M":true,"q":"50236.00000000","s":"CMTBTC","a":5969967,"T":1592709127234,"e":"aggTrade","p":"0.00000149","f":7717747},{"m":false,"E":1592709127644,"l":7717758,"M":true,"q":"25050.00000000","s":"CMTBTC","a":5969968,"T":1592709127641,"e":"aggTrade","p":"0.00000149","f":7717751},{"m":false,"E":1592709127656,"l":7717768,"M":true,"q":"60000.00000000","s":"CMTBTC","a":5969969,"T":1592709127653,"e":"aggTrade","p":"0.00000149","f":7717759},{"m":false,"E":1592709128037,"l":7717769,"M":true,"q":"871.00000000","s":"CMTBTC","a":5969970,"T":1592709128036,"e":"aggTrade","p":"0.00000149","f":7717769},{"m":false,"E":1592709128164,"l":7717770,"M":true,"q":"2193.00000000","s":"CMTBTC","a":5969971,"T":1592709128163,"e":"aggTrade","p":"0.00000149","f":7717770},{"m":false,"E":1592709128225,"l":7717771,"M":true,"q":"1927.00000000","s":"CMTBTC","a":5969972,"T":1592709128224,"e":"aggTrade","p":"0.00000149","f":7717771},{"m":false,"E":1592709128267,"l":7717772,"M":true,"q":"1926.00000000","s":"CMTBTC","a":5969973,"T":1592709128266,"e":"aggTrade","p":"0.00000149","f":7717772},{"m":false,"E":1592709128297,"l":7717773,"M":true,"q":"3327.00000000","s":"CMTBTC","a":5969974,"T":1592709128296,"e":"aggTrade","p":"0.00000149","f":7717773},{"m":false,"E":1592709128512,"l":7717774,"M":true,"q":"3321.00000000","s":"CMTBTC","a":5969975,"T":1592709128511,"e":"aggTrade","p":"0.00000149","f":7717774},{"m":false,"E":1592709128531,"l":7717775,"M":true,"q":"17000.00000000","s":"CMTBTC","a":5969976,"T":1592709128529,"e":"aggTrade","p":"0.00000149","f":7717775},{"m":false,"E":1592709130430,"l":7717776,"M":true,"q":"135.00000000","s":"CMTBTC","a":5969977,"T":1592709130429,"e":"aggTrade","p":"0.00000149","f":7717776},{"m":false,"E":1592709132885,"l":7717777,"M":true,"q":"3194.00000000","s":"CMTBTC","a":5969978,"T":1592709132884,"e":"aggTrade","p":"0.00000149","f":7717777},{"m":false,"E":1592709133427,"l":7717778,"M":true,"q":"1073.00000000","s":"CMTBTC","a":5969979,"T":1592709133425,"e":"aggTrade","p":"0.00000149","f":7717778},{"m":false,"E":1592709135799,"l":7717779,"M":true,"q":"13500.00000000","s":"CMTBTC","a":5969980,"T":1592709135798,"e":"aggTrade","p":"0.00000149","f":7717779},{"m":false,"E":1592709135822,"l":7717780,"M":true,"q":"19545.00000000","s":"CMTBTC","a":5969981,"T":1592709135821,"e":"aggTrade","p":"0.00000149","f":7717780},{"m":false,"E":1592709135838,"l":7717781,"M":true,"q":"19232.00000000","s":"CMTBTC","a":5969982,"T":1592709135837,"e":"aggTrade","p":"0.00000149","f":7717781},{"m":false,"E":1592709135862,"l":7717782,"M":true,"q":"3194.00000000","s":"CMTBTC","a":5969983,"T":1592709135861,"e":"aggTrade","p":"0.00000149","f":7717782},{"m":false,"E":1592709135913,"l":7717783,"M":true,"q":"13529.00000000","s":"CMTBTC","a":5969984,"T":1592709135912,"e":"aggTrade","p":"0.00000149","f":7717783},{"m":false,"E":1592709136347,"l":7717784,"M":true,"q":"4373.00000000","s":"CMTBTC","a":5969985,"T":1592709136345,"e":"aggTrade","p":"0.00000149","f":7717784},{"m":false,"E":1592709136415,"l":7717785,"M":true,"q":"1398.00000000","s":"CMTBTC","a":5969986,"T":1592709136414,"e":"aggTrade","p":"0.00000149","f":7717785},{"m":false,"E":1592709136445,"l":7717786,"M":true,"q":"7326.00000000","s":"CMTBTC","a":5969987,"T":1592709136444,"e":"aggTrade","p":"0.00000149","f":7717786},{"m":false,"E":1592709136456,"l":7717787,"M":true,"q":"3993.00000000","s":"CMTBTC","a":5969988,"T":1592709136455,"e":"aggTrade","p":"0.00000149","f":7717787},{"m":false,"E":1592709136457,"l":7717789,"M":true,"q":"8205.00000000","s":"CMTBTC","a":5969989,"T":1592709136455,"e":"aggTrade","p":"0.00000149","f":7717788},{"m":false,"E":1592709136469,"l":7717790,"M":true,"q":"3993.00000000","s":"CMTBTC","a":5969990,"T":1592709136466,"e":"aggTrade","p":"0.00000149","f":7717790},{"m":false,"E":1592709136470,"l":7717792,"M":true,"q":"3826.00000000","s":"CMTBTC","a":5969991,"T":1592709136469,"e":"aggTrade","p":"0.00000149","f":7717791},{"m":false,"E":1592709136491,"l":7717798,"M":true,"q":"106500.00000000","s":"CMTBTC","a":5969992,"T":1592709136489,"e":"aggTrade","p":"0.00000149","f":7717793},{"m":false,"E":1592709136492,"l":7717799,"M":true,"q":"7178.00000000","s":"CMTBTC","a":5969993,"T":1592709136489,"e":"aggTrade","p":"0.00000149","f":7717799},{"m":false,"E":1592709137910,"l":7717805,"M":true,"q":"11981.00000000","s":"CMTBTC","a":5969994,"T":1592709137908,"e":"aggTrade","p":"0.00000149","f":7717800},{"m":true,"E":1592709139969,"l":7717806,"M":true,"q":"1501.00000000","s":"CMTBTC","a":5969995,"T":1592709139967,"e":"aggTrade","p":"0.00000149","f":7717806},{"m":false,"E":1592709140108,"l":7717807,"M":true,"q":"11513.00000000","s":"CMTBTC","a":5969996,"T":1592709140107,"e":"aggTrade","p":"0.00000149","f":7717807},{"m":false,"E":1592709140209,"l":7717808,"M":true,"q":"932.00000000","s":"CMTBTC","a":5969997,"T":1592709140207,"e":"aggTrade","p":"0.00000149","f":7717808},{"m":false,"E":1592709140564,"l":7717809,"M":true,"q":"11403.00000000","s":"CMTBTC","a":5969998,"T":1592709140563,"e":"aggTrade","p":"0.00000149","f":7717809},{"m":false,"E":1592709140710,"l":7717810,"M":true,"q":"68.00000000","s":"CMTBTC","a":5969999,"T":1592709140709,"e":"aggTrade","p":"0.00000149","f":7717810},{"m":false,"E":1592709141589,"l":7717811,"M":true,"q":"11403.00000000","s":"CMTBTC","a":5970000,"T":1592709141588,"e":"aggTrade","p":"0.00000149","f":7717811},{"m":true,"E":1592709141670,"l":7717812,"M":true,"q":"2722.00000000","s":"CMTBTC","a":5970001,"T":1592709141669,"e":"aggTrade","p":"0.00000148","f":7717812},{"m":false,"E":1592709142485,"l":7717813,"M":true,"q":"2713.00000000","s":"CMTBTC","a":5970002,"T":1592709142483,"e":"aggTrade","p":"0.00000149","f":7717813},{"m":false,"E":1592709143720,"l":7717814,"M":true,"q":"536.00000000","s":"CMTBTC","a":5970003,"T":1592709143719,"e":"aggTrade","p":"0.00000149","f":7717814},{"m":false,"E":1592709143787,"l":7717815,"M":true,"q":"3514.00000000","s":"CMTBTC","a":5970004,"T":1592709143786,"e":"aggTrade","p":"0.00000149","f":7717815},{"m":false,"E":1592709143789,"l":7717816,"M":true,"q":"11980.00000000","s":"CMTBTC","a":5970005,"T":1592709143787,"e":"aggTrade","p":"0.00000149","f":7717816},{"m":false,"E":1592709144082,"l":7717817,"M":true,"q":"3993.00000000","s":"CMTBTC","a":5970006,"T":1592709144081,"e":"aggTrade","p":"0.00000149","f":7717817},{"m":false,"E":1592709144127,"l":7717818,"M":true,"q":"2236.00000000","s":"CMTBTC","a":5970007,"T":1592709144126,"e":"aggTrade","p":"0.00000149","f":7717818},{"m":false,"E":1592709144304,"l":7717819,"M":true,"q":"4770.00000000","s":"CMTBTC","a":5970008,"T":1592709144303,"e":"aggTrade","p":"0.00000149","f":7717819},{"m":true,"E":1592709147091,"l":7717820,"M":true,"q":"16264.00000000","s":"CMTBTC","a":5970009,"T":1592709147090,"e":"aggTrade","p":"0.00000149","f":7717820},{"m":false,"E":1592709147158,"l":7717821,"M":true,"q":"3514.00000000","s":"CMTBTC","a":5970010,"T":1592709147157,"e":"aggTrade","p":"0.00000149","f":7717821},{"m":false,"E":1592709147178,"l":7717822,"M":true,"q":"11980.00000000","s":"CMTBTC","a":5970011,"T":1592709147176,"e":"aggTrade","p":"0.00000149","f":7717822},{"m":false,"E":1592709147380,"l":7717823,"M":true,"q":"1644.00000000","s":"CMTBTC","a":5970012,"T":1592709147379,"e":"aggTrade","p":"0.00000149","f":7717823},{"m":false,"E":1592709147599,"l":7717824,"M":true,"q":"17000.00000000","s":"CMTBTC","a":5970013,"T":1592709147598,"e":"aggTrade","p":"0.00000149","f":7717824},{"m":false,"E":1592709148447,"l":7717825,"M":true,"q":"8539.00000000","s":"CMTBTC","a":5970014,"T":1592709148446,"e":"aggTrade","p":"0.00000149","f":7717825},{"m":false,"E":1592709154064,"l":7717826,"M":true,"q":"11980.00000000","s":"CMTBTC","a":5970015,"T":1592709154063,"e":"aggTrade","p":"0.00000149","f":7717826},{"m":false,"E":1592709154736,"l":7717827,"M":true,"q":"68.00000000","s":"CMTBTC","a":5970016,"T":1592709154734,"e":"aggTrade","p":"0.00000149","f":7717827},{"m":false,"E":1592709154782,"l":7717828,"M":true,"q":"135.00000000","s":"CMTBTC","a":5970017,"T":1592709154780,"e":"aggTrade","p":"0.00000149","f":7717828},{"m":false,"E":1592709154930,"l":7717829,"M":true,"q":"11980.00000000","s":"CMTBTC","a":5970018,"T":1592709154929,"e":"aggTrade","p":"0.00000149","f":7717829},{"m":false,"E":1592709154931,"l":7717830,"M":true,"q":"68.00000000","s":"CMTBTC","a":5970019,"T":1592709154930,"e":"aggTrade","p":"0.00000149","f":7717830},{"m":false,"E":1592709154971,"l":7717831,"M":true,"q":"336.00000000","s":"CMTBTC","a":5970020,"T":1592709154970,"e":"aggTrade","p":"0.00000149","f":7717831},{"m":false,"E":1592709155012,"l":7717832,"M":true,"q":"74.00000000","s":"CMTBTC","a":5970021,"T":1592709155011,"e":"aggTrade","p":"0.00000149","f":7717832},{"m":false,"E":1592709155035,"l":7717833,"M":true,"q":"202.00000000","s":"CMTBTC","a":5970022,"T":1592709155034,"e":"aggTrade","p":"0.00000149","f":7717833},{"m":false,"E":1592709155038,"l":7717834,"M":true,"q":"135.00000000","s":"CMTBTC","a":5970023,"T":1592709155037,"e":"aggTrade","p":"0.00000149","f":7717834},{"m":false,"E":1592709155049,"l":7717835,"M":true,"q":"135.00000000","s":"CMTBTC","a":5970024,"T":1592709155048,"e":"aggTrade","p":"0.00000149","f":7717835},{"m":false,"E":1592709155054,"l":7717836,"M":true,"q":"135.00000000","s":"CMTBTC","a":5970025,"T":1592709155053,"e":"aggTrade","p":"0.00000149","f":7717836},{"m":false,"E":1592709155107,"l":7717837,"M":true,"q":"68.00000000","s":"CMTBTC","a":5970026,"T":1592709155106,"e":"aggTrade","p":"0.00000149","f":7717837},{"m":false,"E":1592709155739,"l":7717838,"M":true,"q":"11980.00000000","s":"CMTBTC","a":5970027,"T":1592709155738,"e":"aggTrade","p":"0.00000149","f":7717838},{"m":false,"E":1592709156577,"l":7717839,"M":true,"q":"11980.00000000","s":"CMTBTC","a":5970028,"T":1592709156576,"e":"aggTrade","p":"0.00000149","f":7717839},{"m":false,"E":1592709169920,"l":7717840,"M":true,"q":"3194.00000000","s":"CMTBTC","a":5970029,"T":1592709169919,"e":"aggTrade","p":"0.00000149","f":7717840},{"m":false,"E":1592709170531,"l":7717841,"M":true,"q":"9895.00000000","s":"CMTBTC","a":5970030,"T":1592709170530,"e":"aggTrade","p":"0.00000149","f":7717841},{"m":false,"E":1592709170534,"l":7717842,"M":true,"q":"801.00000000","s":"CMTBTC","a":5970031,"T":1592709170532,"e":"aggTrade","p":"0.00000149","f":7717842},{"m":false,"E":1592709170757,"l":7717843,"M":true,"q":"1695.00000000","s":"CMTBTC","a":5970032,"T":1592709170756,"e":"aggTrade","p":"0.00000149","f":7717843},{"m":false,"E":1592709171768,"l":7717844,"M":true,"q":"2481.00000000","s":"CMTBTC","a":5970033,"T":1592709171766,"e":"aggTrade","p":"0.00000149","f":7717844},{"m":false,"E":1592709186595,"l":7717845,"M":true,"q":"33623.00000000","s":"CMTBTC","a":5970034,"T":1592709186594,"e":"aggTrade","p":"0.00000149","f":7717845},{"m":false,"E":1592709193629,"l":7717846,"M":true,"q":"10544.00000000","s":"CMTBTC","a":5970035,"T":1592709193628,"e":"aggTrade","p":"0.00000149","f":7717846},{"m":false,"E":1592709194463,"l":7717848,"M":true,"q":"10544.00000000","s":"CMTBTC","a":5970036,"T":1592709194462,"e":"aggTrade","p":"0.00000149","f":7717847}]]},{"peak":"3.51028319|1398,-5.74997308|114,3.23767476|3483,-7.42142332|3450,8.11468472|3180,-4.78205671|840,3.14517809|990,-3.31181004|240,4.82933531|870,-7.87276762|5940,5.08544369|1560,-4.26189006|2580,4.05835816|1530,-9.63731635|1980,4.99852406|540","transactionList":[{},{},{},{},{},{},{},{},{},{},{},{},{},{},{}]},{"peak":"-3.53087686|403,3.12671020|29,-4.56054581|239,5.76057274|715,-7.26990922|162,9.22891928|780,-5.40733504|144,3.02640761|21,-3.80137364|132,3.63769710|51,-5.84158416|174,13.20599310|1005,-12.10385943|3270,9.45086927|870,-18.97066708|1140,7.06458061|570,-4.01474947|690,18.04528922|1410,-9.29641363|300,12.68548387|510,-21.37903226|1200,3.43263581|420,-20.44806377|3270,9.15828481|1110,-12.49338274|2070,5.97260113|210,-12.52603479|1530,3.15996127|240,-8.50903614|1170,10.39426523|660,-6.11781444|840,20.87073049|1470,-4.40351533|210,6.36251072|60,-7.68327142|870,7.02745346|600,-10.92142632|630,5.03809951|540,-2.97325564|150","transactionList":[{},{},{},{},{},{},{},{},{},{},{},{},{},{},{},{},{},{},{},{},{},{},{},{},{},{},{},{},{},{},{},{},{},{},{},{},{},{},{}]},{"peak":"-4.70836261|1115,10.08496491|1317,-4.32212782|507,3.59501101|1374,-6.30961115|780,6.74033149|1470,-9.57642726|960,11.25654450|1020,-5.23560209|780,8.06451613|810,-4.72350230|360,9.95967742|420,-5.40322581|990,5.95865424|840,-5.18848804|390,3.88310649|60,-7.32586069|330,4.76748730|270,-9.37866354|90,10.32715806|180,-18.91998423|690,3.21587410|30,-3.86589121|90,14.30722892|780,-4.70632530|270,11.73161912|300,-9.07995179|210,25.05757715|660,-7.96867803|540,10.87984863|1140,-9.03500473|1050,3.36322870|60,-5.47085202|90,15.01222494|870,-8.41075795|1170,13.45957011|960,-4.35005118|1830,3.81873727|510,-3.76782077|390,6.25651721|1500,-10.74035454|1050,4.27098675|390,-14.08934708|540,15.85244267|750","transactionList":[{},{},{},{},{},{},{},{},{},{},{},{},{},{},{},{},{},{},{},{},{},{},{},{},{},{},{},{},{},{},{},{},{},{},{},{},{},{},{},{},{},{},{},{}]},{"peak":"-6.12909058|2199,7.64716670|45,-4.84137172|1113,4.80293309|1770,-3.42804766|1440,3.61799816|360,-6.79522498|4380,4.39856373|1170,-14.52423698|11340,10.21078093|2610,-6.32342778|900,4.16384563|600,-3.79146919|690,2.86864620|510","transactionList":[{},{},{},{},{},{},{},{},{},{},{},{},{},{}]},{"peak":"-3.26256983|744,3.65634814|462,-6.81920144|936,6.67562724|1020,-3.38261649|600,10.06439304|3150,-5.84307179|1530,7.77076251|3030,-16.29431763|3990,4.29006969|840,-5.83623693|1080,6.39229422|420,-4.64098074|540,13.29698981|3540,-3.95828395|2970,4.72779370|990,-14.63705826|2340,3.15857327|480","transactionList":[{},{},{},{},{},{},{},{},{},{},{},{},{},{},{},{},{},{}]},{"peak":"-3.43929130|362,3.41234697|787,-4.72345229|1542,4.47851698|2820,-6.78274428|750,4.30698934|420,-21.44186834|240,29.20417717|570,-9.78574001|1500,11.73721825|1830,-11.63643027|60,6.20641562|1320,-19.32531381|1050,16.66098517|150,-3.42594171|420,4.35979018|120,-7.87685958|240,16.40530760|2760,-3.31261019|120,5.12699462|5130,-4.84373525|1320,6.01489402|2160,-8.43039908|3030","transactionList":[{},{},{},{},{},{},{},{},{},{},{},{},{},{},{},{},{},{},{},{},{},{},{}]}