[{"peak":"","transactionList":[]},{"peak":"5.62732647|4707,-6.48127874|2370,3.27033340|1290,-10.32066256|4620,5.95553743|2640,-4.26269631|1740,3.23101777|540,-5.02827141|990,3.37904989|930,-5.70463129|1080,15.38294641|2910,-5.07702322|90,4.78147988|750,-7.91864994|1350,13.64775575|1380,5.62732647|4707","transactionList":[{},{},{},{},{},{},{},{},{},{},{},{},{},{},{},[]]},{"peak":"3.83838384|1424,-5.85858586|1050,13.91304348|4560,-7.17391304|1140,10.04464286|3720,-7.58928571|600,9.29705215|4620,-13.15192744|7380,11.13585746|1680,-9.13140312|1800,3.81355932|840,-3.81355932|390,2.94117647|540,3.83838384|1424","transactionList":[{},{},{},{},{},{},{},{},{},{},{},{},{},[{"m":true,"l":6520467,"M":true,"q":"6491.00000000","a":5399202,"T":1592624598063,"p":"0.00000256","f":6520467},{"m":true,"l":6520468,"M":true,"q":"500.00000000","a":5399203,"T":1592624632646,"p":"0.00000256","f":6520468},{"m":false,"l":6520469,"M":true,"q":"41.00000000","a":5399204,"T":1592624643786,"p":"0.00000257","f":6520469},{"m":false,"l":6520470,"M":true,"q":"43.00000000","a":5399205,"T":1592624670654,"p":"0.00000257","f":6520470}]]},{"peak":"-3.21406913|235,11.90006575|961,-10.74950690|1296,8.25835476|1743,-7.35861183|1230,8.40363400|1320,-14.43867618|1080,5.09535161|360,-5.84028605|420,7.63636364|90,-6.30303030|420,5.44033664|1290,-6.25187857|870,12.07989854|630,-6.15091947|330,16.37122002|1020,-4.48383733|180,16.55680496|2340,-4.61419155|720,7.66161213|810,-4.07023144|1920,6.01626016|3810,-5.20325203|480,6.23973727|540,-7.43021346|870,10.88983051|930,-9.02542373|1770,6.27839736|1200,-13.96117307|450,9.13765823|180,-9.62962963|1190","transactionList":[{},{},{},{},{},{},{},{},{},{},{},{},{},{},{},{},{},{},{},{},{},{},{},{},{},{},{},{},{},{},[{"m":true,"E":1592668775021,"l":4333583,"M":true,"q":"479.00000000","s":"NAVBTC","a":3057877,"T":1592668775018,"e":"aggTrade","p":"0.00001615","f":4333582},{"m":true,"E":1592668775021,"l":4333584,"M":true,"q":"10.00000000","s":"NAVBTC","a":3057878,"T":1592668775018,"e":"aggTrade","p":"0.00001613","f":4333584},{"m":true,"E":1592668775021,"l":4333587,"M":true,"q":"184.00000000","s":"NAVBTC","a":3057879,"T":1592668775018,"e":"aggTrade","p":"0.00001612","f":4333585},{"m":true,"E":1592668775021,"l":4333588,"M":true,"q":"1894.00000000","s":"NAVBTC","a":3057880,"T":1592668775018,"e":"aggTrade","p":"0.00001611","f":4333588},{"m":true,"E":1592668775021,"l":4333590,"M":true,"q":"100.00000000","s":"NAVBTC","a":3057881,"T":1592668775018,"e":"aggTrade","p":"0.00001610","f":4333589},{"m":true,"E":1592668775021,"l":4333591,"M":true,"q":"100.00000000","s":"NAVBTC","a":3057882,"T":1592668775018,"e":"aggTrade","p":"0.00001610","f":4333591},{"m":true,"E":1592668794421,"l":4333595,"M":true,"q":"8137.00000000","s":"NAVBTC","a":3057883,"T":1592668794419,"e":"aggTrade","p":"0.00001610","f":4333592},{"m":false,"E":1592668818975,"l":4333596,"M":true,"q":"1476.00000000","s":"NAVBTC","a":3057884,"T":1592668818931,"e":"aggTrade","p":"0.00001610","f":4333596},{"m":false,"E":1592668819228,"l":4333597,"M":true,"q":"600.00000000","s":"NAVBTC","a":3057885,"T":1592668819214,"e":"aggTrade","p":"0.00001610","f":4333597},{"m":true,"E":1592668828926,"l":4333599,"M":true,"q":"272.00000000","s":"NAVBTC","a":3057886,"T":1592668828877,"e":"aggTrade","p":"0.00001609","f":4333598},{"m":true,"E":1592668828926,"l":4333600,"M":true,"q":"100.00000000","s":"NAVBTC","a":3057887,"T":1592668828877,"e":"aggTrade","p":"0.00001608","f":4333600},{"m":true,"E":1592668828926,"l":4333603,"M":true,"q":"92.00000000","s":"NAVBTC","a":3057888,"T":1592668828877,"e":"aggTrade","p":"0.00001607","f":4333601},{"m":true,"E":1592668828926,"l":4333608,"M":true,"q":"421.00000000","s":"NAVBTC","a":3057889,"T":1592668828877,"e":"aggTrade","p":"0.00001606","f":4333604},{"m":true,"E":1592668828926,"l":4333613,"M":true,"q":"187.00000000","s":"NAVBTC","a":3057890,"T":1592668828877,"e":"aggTrade","p":"0.00001605","f":4333609},{"m":true,"E":1592668828926,"l":4333615,"M":true,"q":"276.00000000","s":"NAVBTC","a":3057891,"T":1592668828877,"e":"aggTrade","p":"0.00001603","f":4333614},{"m":true,"E":1592668828926,"l":4333617,"M":true,"q":"854.00000000","s":"NAVBTC","a":3057892,"T":1592668828877,"e":"aggTrade","p":"0.00001602","f":4333616},{"m":true,"E":1592668828926,"l":4333618,"M":true,"q":"7.00000000","s":"NAVBTC","a":3057893,"T":1592668828877,"e":"aggTrade","p":"0.00001601","f":4333618},{"m":true,"E":1592668828926,"l":4333647,"M":true,"q":"8050.00000000","s":"NAVBTC","a":3057894,"T":1592668828877,"e":"aggTrade","p":"0.00001600","f":4333619},{"m":true,"E":1592668828926,"l":4333649,"M":true,"q":"141.00000000","s":"NAVBTC","a":3057895,"T":1592668828877,"e":"aggTrade","p":"0.00001599","f":4333648},{"m":true,"E":1592668828926,"l":4333652,"M":true,"q":"869.00000000","s":"NAVBTC","a":3057896,"T":1592668828877,"e":"aggTrade","p":"0.00001598","f":4333650},{"m":true,"E":1592668828926,"l":4333683,"M":true,"q":"10110.00000000","s":"NAVBTC","a":3057897,"T":1592668828877,"e":"aggTrade","p":"0.00001597","f":4333653},{"m":true,"E":1592668828926,"l":4333684,"M":true,"q":"9.00000000","s":"NAVBTC","a":3057898,"T":1592668828877,"e":"aggTrade","p":"0.00001596","f":4333684},{"m":true,"E":1592668828926,"l":4333687,"M":true,"q":"1570.00000000","s":"NAVBTC","a":3057899,"T":1592668828877,"e":"aggTrade","p":"0.00001595","f":4333685},{"m":true,"E":1592668828926,"l":4333694,"M":true,"q":"4094.00000000","s":"NAVBTC","a":3057900,"T":1592668828877,"e":"aggTrade","p":"0.00001594","f":4333688},{"m":true,"E":1592668828926,"l":4333699,"M":true,"q":"889.00000000","s":"NAVBTC","a":3057901,"T":1592668828877,"e":"aggTrade","p":"0.00001593","f":4333695},{"m":true,"E":1592668828926,"l":4333711,"M":true,"q":"1359.00000000","s":"NAVBTC","a":3057902,"T":1592668828877,"e":"aggTrade","p":"0.00001592","f":4333700},{"m":true,"E":1592668828926,"l":4333713,"M":true,"q":"234.00000000","s":"NAVBTC","a":3057903,"T":1592668828877,"e":"aggTrade","p":"0.00001591","f":4333712},{"m":true,"E":1592668828926,"l":4333719,"M":true,"q":"4038.00000000","s":"NAVBTC","a":3057904,"T":1592668828877,"e":"aggTrade","p":"0.00001590","f":4333714},{"m":true,"E":1592668828926,"l":4333722,"M":true,"q":"3790.00000000","s":"NAVBTC","a":3057905,"T":1592668828877,"e":"aggTrade","p":"0.00001589","f":4333720},{"m":true,"E":1592668828926,"l":4333728,"M":true,"q":"1074.00000000","s":"NAVBTC","a":3057906,"T":1592668828877,"e":"aggTrade","p":"0.00001588","f":4333723},{"m":true,"E":1592668828926,"l":4333748,"M":true,"q":"3858.00000000","s":"NAVBTC","a":3057907,"T":1592668828877,"e":"aggTrade","p":"0.00001587","f":4333729},{"m":true,"E":1592668828926,"l":4333749,"M":true,"q":"13.00000000","s":"NAVBTC","a":3057908,"T":1592668828877,"e":"aggTrade","p":"0.00001586","f":4333749},{"m":true,"E":1592668828926,"l":4333761,"M":true,"q":"1108.00000000","s":"NAVBTC","a":3057909,"T":1592668828877,"e":"aggTrade","p":"0.00001585","f":4333750},{"m":true,"E":1592668828926,"l":4333771,"M":true,"q":"856.00000000","s":"NAVBTC","a":3057910,"T":1592668828877,"e":"aggTrade","p":"0.00001584","f":4333762},{"m":true,"E":1592668828926,"l":4333799,"M":true,"q":"931.00000000","s":"NAVBTC","a":3057911,"T":1592668828877,"e":"aggTrade","p":"0.00001583","f":4333772},{"m":true,"E":1592668828926,"l":4333802,"M":true,"q":"481.00000000","s":"NAVBTC","a":3057912,"T":1592668828877,"e":"aggTrade","p":"0.00001582","f":4333800},{"m":true,"E":1592668828926,"l":4333805,"M":true,"q":"320.00000000","s":"NAVBTC","a":3057913,"T":1592668828877,"e":"aggTrade","p":"0.00001581","f":4333803},{"m":true,"E":1592668828926,"l":4333808,"M":true,"q":"1074.00000000","s":"NAVBTC","a":3057914,"T":1592668828877,"e":"aggTrade","p":"0.00001580","f":4333806},{"m":true,"E":1592668828926,"l":4333819,"M":true,"q":"12889.00000000","s":"NAVBTC","a":3057915,"T":1592668828877,"e":"aggTrade","p":"0.00001579","f":4333809},{"m":true,"E":1592668828926,"l":4333830,"M":true,"q":"1348.00000000","s":"NAVBTC","a":3057916,"T":1592668828877,"e":"aggTrade","p":"0.00001578","f":4333820},{"m":true,"E":1592668828926,"l":4333834,"M":true,"q":"5520.00000000","s":"NAVBTC","a":3057917,"T":1592668828877,"e":"aggTrade","p":"0.00001577","f":4333831},{"m":true,"E":1592668828926,"l":4333835,"M":true,"q":"317.00000000","s":"NAVBTC","a":3057918,"T":1592668828877,"e":"aggTrade","p":"0.00001576","f":4333835},{"m":true,"E":1592668828926,"l":4333840,"M":true,"q":"1781.00000000","s":"NAVBTC","a":3057919,"T":1592668828877,"e":"aggTrade","p":"0.00001575","f":4333836},{"m":true,"E":1592668828926,"l":4333843,"M":true,"q":"346.00000000","s":"NAVBTC","a":3057920,"T":1592668828877,"e":"aggTrade","p":"0.00001574","f":4333841},{"m":true,"E":1592668828926,"l":4333845,"M":true,"q":"982.00000000","s":"NAVBTC","a":3057921,"T":1592668828877,"e":"aggTrade","p":"0.00001573","f":4333844},{"m":true,"E":1592668828926,"l":4333847,"M":true,"q":"636.00000000","s":"NAVBTC","a":3057922,"T":1592668828877,"e":"aggTrade","p":"0.00001572","f":4333846},{"m":true,"E":1592668828926,"l":4333850,"M":true,"q":"307.00000000","s":"NAVBTC","a":3057923,"T":1592668828877,"e":"aggTrade","p":"0.00001571","f":4333848},{"m":true,"E":1592668828926,"l":4333852,"M":true,"q":"1960.00000000","s":"NAVBTC","a":3057924,"T":1592668828877,"e":"aggTrade","p":"0.00001570","f":4333851},{"m":true,"E":1592668828926,"l":4333853,"M":true,"q":"14.00000000","s":"NAVBTC","a":3057925,"T":1592668828877,"e":"aggTrade","p":"0.00001569","f":4333853},{"m":true,"E":1592668828926,"l":4333854,"M":true,"q":"274.00000000","s":"NAVBTC","a":3057926,"T":1592668828877,"e":"aggTrade","p":"0.00001568","f":4333854},{"m":true,"E":1592668828926,"l":4333869,"M":true,"q":"1302.00000000","s":"NAVBTC","a":3057927,"T":1592668828877,"e":"aggTrade","p":"0.00001567","f":4333855},{"m":true,"E":1592668828926,"l":4333874,"M":true,"q":"6808.00000000","s":"NAVBTC","a":3057928,"T":1592668828877,"e":"aggTrade","p":"0.00001566","f":4333870},{"m":true,"E":1592668828926,"l":4333876,"M":true,"q":"341.00000000","s":"NAVBTC","a":3057929,"T":1592668828877,"e":"aggTrade","p":"0.00001565","f":4333875},{"m":true,"E":1592668828926,"l":4333877,"M":true,"q":"381.00000000","s":"NAVBTC","a":3057930,"T":1592668828877,"e":"aggTrade","p":"0.00001564","f":4333877},{"m":true,"E":1592668828926,"l":4333878,"M":true,"q":"500.00000000","s":"NAVBTC","a":3057931,"T":1592668828877,"e":"aggTrade","p":"0.00001563","f":4333878},{"m":true,"E":1592668828926,"l":4333880,"M":true,"q":"434.00000000","s":"NAVBTC","a":3057932,"T":1592668828877,"e":"aggTrade","p":"0.00001562","f":4333879},{"m":true,"E":1592668828926,"l":4333884,"M":true,"q":"710.00000000","s":"NAVBTC","a":3057933,"T":1592668828877,"e":"aggTrade","p":"0.00001560","f":4333881},{"m":true,"E":1592668828926,"l":4333888,"M":true,"q":"9681.00000000","s":"NAVBTC","a":3057934,"T":1592668828877,"e":"aggTrade","p":"0.00001559","f":4333885},{"m":true,"E":1592668828926,"l":4333890,"M":true,"q":"1475.00000000","s":"NAVBTC","a":3057935,"T":1592668828877,"e":"aggTrade","p":"0.00001556","f":4333889},{"m":true,"E":1592668828926,"l":4333891,"M":true,"q":"70.00000000","s":"NAVBTC","a":3057936,"T":1592668828877,"e":"aggTrade","p":"0.00001555","f":4333891},{"m":true,"E":1592668828926,"l":4333893,"M":true,"q":"3533.00000000","s":"NAVBTC","a":3057937,"T":1592668828877,"e":"aggTrade","p":"0.00001554","f":4333892},{"m":true,"E":1592668828926,"l":4333895,"M":true,"q":"625.00000000","s":"NAVBTC","a":3057938,"T":1592668828877,"e":"aggTrade","p":"0.00001553","f":4333894},{"m":true,"E":1592668828926,"l":4333898,"M":true,"q":"281.00000000","s":"NAVBTC","a":3057939,"T":1592668828877,"e":"aggTrade","p":"0.00001552","f":4333896},{"m":true,"E":1592668828926,"l":4333900,"M":true,"q":"549.00000000","s":"NAVBTC","a":3057940,"T":1592668828877,"e":"aggTrade","p":"0.00001551","f":4333899},{"m":true,"E":1592668828926,"l":4333916,"M":true,"q":"9450.00000000","s":"NAVBTC","a":3057941,"T":1592668828877,"e":"aggTrade","p":"0.00001550","f":4333901},{"m":true,"E":1592668828927,"l":4333918,"M":true,"q":"509.00000000","s":"NAVBTC","a":3057942,"T":1592668828877,"e":"aggTrade","p":"0.00001550","f":4333917},{"m":true,"E":1592668828927,"l":4333919,"M":true,"q":"45.00000000","s":"NAVBTC","a":3057943,"T":1592668828877,"e":"aggTrade","p":"0.00001549","f":4333919},{"m":false,"E":1592668828940,"l":4333922,"M":true,"q":"12853.00000000","s":"NAVBTC","a":3057944,"T":1592668828938,"e":"aggTrade","p":"0.00001550","f":4333920},{"m":false,"E":1592668828941,"l":4333923,"M":true,"q":"12127.00000000","s":"NAVBTC","a":3057945,"T":1592668828940,"e":"aggTrade","p":"0.00001550","f":4333923},{"m":false,"E":1592668828944,"l":4333924,"M":true,"q":"62.00000000","s":"NAVBTC","a":3057946,"T":1592668828943,"e":"aggTrade","p":"0.00001550","f":4333924},{"m":false,"E":1592668828944,"l":4333925,"M":true,"q":"12789.00000000","s":"NAVBTC","a":3057947,"T":1592668828943,"e":"aggTrade","p":"0.00001550","f":4333925},{"m":false,"E":1592668828950,"l":4333926,"M":true,"q":"13420.00000000","s":"NAVBTC","a":3057948,"T":1592668828948,"e":"aggTrade","p":"0.00001550","f":4333926},{"m":false,"E":1592668828967,"l":4333927,"M":true,"q":"383.00000000","s":"NAVBTC","a":3057949,"T":1592668828966,"e":"aggTrade","p":"0.00001550","f":4333927},{"m":false,"E":1592668828987,"l":4333928,"M":true,"q":"636.00000000","s":"NAVBTC","a":3057950,"T":1592668828986,"e":"aggTrade","p":"0.00001550","f":4333928},{"m":false,"E":1592668828988,"l":4333929,"M":true,"q":"1909.00000000","s":"NAVBTC","a":3057951,"T":1592668828987,"e":"aggTrade","p":"0.00001550","f":4333929},{"m":false,"E":1592668828992,"l":4333930,"M":true,"q":"1726.00000000","s":"NAVBTC","a":3057952,"T":1592668828991,"e":"aggTrade","p":"0.00001550","f":4333930},{"m":false,"E":1592668828995,"l":4333931,"M":true,"q":"319.00000000","s":"NAVBTC","a":3057953,"T":1592668828994,"e":"aggTrade","p":"0.00001550","f":4333931},{"m":false,"E":1592668829005,"l":4333932,"M":true,"q":"626.00000000","s":"NAVBTC","a":3057954,"T":1592668829003,"e":"aggTrade","p":"0.00001550","f":4333932},{"m":false,"E":1592668829015,"l":4333933,"M":true,"q":"2559.00000000","s":"NAVBTC","a":3057955,"T":1592668829014,"e":"aggTrade","p":"0.00001550","f":4333933},{"m":false,"E":1592668829038,"l":4333934,"M":true,"q":"3199.00000000","s":"NAVBTC","a":3057956,"T":1592668829036,"e":"aggTrade","p":"0.00001550","f":4333934},{"m":false,"E":1592668829045,"l":4333935,"M":true,"q":"1918.00000000","s":"NAVBTC","a":3057957,"T":1592668829044,"e":"aggTrade","p":"0.00001550","f":4333935},{"m":false,"E":1592668829051,"l":4333936,"M":true,"q":"633.00000000","s":"NAVBTC","a":3057958,"T":1592668829050,"e":"aggTrade","p":"0.00001550","f":4333936},{"m":false,"E":1592668829060,"l":4333937,"M":true,"q":"733.00000000","s":"NAVBTC","a":3057959,"T":1592668829059,"e":"aggTrade","p":"0.00001550","f":4333937},{"m":false,"E":1592668829062,"l":4333938,"M":true,"q":"1846.00000000","s":"NAVBTC","a":3057960,"T":1592668829061,"e":"aggTrade","p":"0.00001550","f":4333938},{"m":false,"E":1592668829064,"l":4333939,"M":true,"q":"411.00000000","s":"NAVBTC","a":3057961,"T":1592668829063,"e":"aggTrade","p":"0.00001550","f":4333939},{"m":false,"E":1592668829081,"l":4333940,"M":true,"q":"3137.00000000","s":"NAVBTC","a":3057962,"T":1592668829080,"e":"aggTrade","p":"0.00001550","f":4333940},{"m":false,"E":1592668829100,"l":4333941,"M":true,"q":"963.00000000","s":"NAVBTC","a":3057963,"T":1592668829098,"e":"aggTrade","p":"0.00001550","f":4333941},{"m":false,"E":1592668829153,"l":4333942,"M":true,"q":"4493.00000000","s":"NAVBTC","a":3057964,"T":1592668829152,"e":"aggTrade","p":"0.00001550","f":4333942},{"m":false,"E":1592668829159,"l":4333943,"M":true,"q":"1929.00000000","s":"NAVBTC","a":3057965,"T":1592668829158,"e":"aggTrade","p":"0.00001550","f":4333943},{"m":false,"E":1592668829209,"l":4333944,"M":true,"q":"7588.00000000","s":"NAVBTC","a":3057966,"T":1592668829208,"e":"aggTrade","p":"0.00001550","f":4333944},{"m":false,"E":1592668829220,"l":4333945,"M":true,"q":"9266.00000000","s":"NAVBTC","a":3057967,"T":1592668829219,"e":"aggTrade","p":"0.00001550","f":4333945},{"m":false,"E":1592668829224,"l":4333946,"M":true,"q":"10553.00000000","s":"NAVBTC","a":3057968,"T":1592668829223,"e":"aggTrade","p":"0.00001550","f":4333946},{"m":false,"E":1592668829232,"l":4333947,"M":true,"q":"2102.00000000","s":"NAVBTC","a":3057969,"T":1592668829231,"e":"aggTrade","p":"0.00001550","f":4333947},{"m":false,"E":1592668829241,"l":4333948,"M":true,"q":"15593.00000000","s":"NAVBTC","a":3057970,"T":1592668829240,"e":"aggTrade","p":"0.00001550","f":4333948},{"m":false,"E":1592668829273,"l":4333949,"M":true,"q":"1305.00000000","s":"NAVBTC","a":3057971,"T":1592668829272,"e":"aggTrade","p":"0.00001550","f":4333949},{"m":false,"E":1592668829285,"l":4333950,"M":true,"q":"400.00000000","s":"NAVBTC","a":3057972,"T":1592668829284,"e":"aggTrade","p":"0.00001550","f":4333950},{"m":false,"E":1592668829300,"l":4333952,"M":true,"q":"4205.00000000","s":"NAVBTC","a":3057973,"T":1592668829299,"e":"aggTrade","p":"0.00001550","f":4333951},{"m":false,"E":1592668829415,"l":4333953,"M":true,"q":"322.00000000","s":"NAVBTC","a":3057974,"T":1592668829414,"e":"aggTrade","p":"0.00001565","f":4333953},{"m":false,"E":1592668829681,"l":4333954,"M":true,"q":"19.00000000","s":"NAVBTC","a":3057975,"T":1592668829680,"e":"aggTrade","p":"0.00001565","f":4333954},{"m":true,"E":1592668830942,"l":4333962,"M":true,"q":"204.00000000","s":"NAVBTC","a":3057976,"T":1592668830940,"e":"aggTrade","p":"0.00001554","f":4333955},{"m":false,"E":1592668831462,"l":4333963,"M":true,"q":"7.00000000","s":"NAVBTC","a":3057977,"T":1592668831461,"e":"aggTrade","p":"0.00001556","f":4333963},{"m":false,"E":1592668831666,"l":4333964,"M":true,"q":"27.00000000","s":"NAVBTC","a":3057978,"T":1592668831664,"e":"aggTrade","p":"0.00001556","f":4333964},{"m":false,"E":1592668831886,"l":4333965,"M":true,"q":"321.00000000","s":"NAVBTC","a":3057979,"T":1592668831885,"e":"aggTrade","p":"0.00001556","f":4333965},{"m":true,"E":1592668831970,"l":4333971,"M":true,"q":"1578.00000000","s":"NAVBTC","a":3057980,"T":1592668831968,"e":"aggTrade","p":"0.00001554","f":4333966},{"m":true,"E":1592668831970,"l":4333972,"M":true,"q":"557.00000000","s":"NAVBTC","a":3057981,"T":1592668831968,"e":"aggTrade","p":"0.00001553","f":4333972},{"m":false,"E":1592668832048,"l":4333973,"M":true,"q":"64.00000000","s":"NAVBTC","a":3057982,"T":1592668832047,"e":"aggTrade","p":"0.00001553","f":4333973},{"m":false,"E":1592668832105,"l":4333979,"M":true,"q":"6413.00000000","s":"NAVBTC","a":3057983,"T":1592668832103,"e":"aggTrade","p":"0.00001553","f":4333974},{"m":false,"E":1592668832277,"l":4333983,"M":true,"q":"3836.00000000","s":"NAVBTC","a":3057984,"T":1592668832276,"e":"aggTrade","p":"0.00001553","f":4333980},{"m":false,"E":1592668832410,"l":4333984,"M":true,"q":"40.00000000","s":"NAVBTC","a":3057985,"T":1592668832409,"e":"aggTrade","p":"0.00001554","f":4333984},{"m":false,"E":1592668832481,"l":4333985,"M":true,"q":"22.00000000","s":"NAVBTC","a":3057986,"T":1592668832479,"e":"aggTrade","p":"0.00001554","f":4333985},{"m":false,"E":1592668832623,"l":4333986,"M":true,"q":"187.00000000","s":"NAVBTC","a":3057987,"T":1592668832622,"e":"aggTrade","p":"0.00001554","f":4333986},{"m":false,"E":1592668832623,"l":4333987,"M":true,"q":"446.00000000","s":"NAVBTC","a":3057988,"T":1592668832622,"e":"aggTrade","p":"0.00001556","f":4333987},{"m":false,"E":1592668832633,"l":4333988,"M":true,"q":"321.00000000","s":"NAVBTC","a":3057989,"T":1592668832632,"e":"aggTrade","p":"0.00001556","f":4333988},{"m":false,"E":1592668832636,"l":4333989,"M":true,"q":"650.00000000","s":"NAVBTC","a":3057990,"T":1592668832634,"e":"aggTrade","p":"0.00001556","f":4333989},{"m":false,"E":1592668832676,"l":4333990,"M":true,"q":"20.00000000","s":"NAVBTC","a":3057991,"T":1592668832675,"e":"aggTrade","p":"0.00001556","f":4333990},{"m":false,"E":1592668833099,"l":4334000,"M":true,"q":"94.00000000","s":"NAVBTC","a":3057992,"T":1592668833097,"e":"aggTrade","p":"0.00001553","f":4333991},{"m":false,"E":1592668833099,"l":4334002,"M":true,"q":"2849.00000000","s":"NAVBTC","a":3057993,"T":1592668833097,"e":"aggTrade","p":"0.00001556","f":4334001},{"m":false,"E":1592668833267,"l":4334014,"M":true,"q":"327.00000000","s":"NAVBTC","a":3057994,"T":1592668833264,"e":"aggTrade","p":"0.00001559","f":4334003},{"m":false,"E":1592668833267,"l":4334018,"M":true,"q":"4126.00000000","s":"NAVBTC","a":3057995,"T":1592668833264,"e":"aggTrade","p":"0.00001562","f":4334015},{"m":false,"E":1592668833387,"l":4334019,"M":true,"q":"20.00000000","s":"NAVBTC","a":3057996,"T":1592668833386,"e":"aggTrade","p":"0.00001556","f":4334019},{"m":false,"E":1592668833523,"l":4334022,"M":true,"q":"20.00000000","s":"NAVBTC","a":3057997,"T":1592668833521,"e":"aggTrade","p":"0.00001554","f":4334020},{"m":false,"E":1592668833683,"l":4334030,"M":true,"q":"69.00000000","s":"NAVBTC","a":3057998,"T":1592668833681,"e":"aggTrade","p":"0.00001554","f":4334023},{"m":true,"E":1592668834044,"l":4334032,"M":true,"q":"4299.00000000","s":"NAVBTC","a":3057999,"T":1592668834042,"e":"aggTrade","p":"0.00001552","f":4334031},{"m":true,"E":1592668834044,"l":4334033,"M":true,"q":"2096.00000000","s":"NAVBTC","a":3058000,"T":1592668834042,"e":"aggTrade","p":"0.00001551","f":4334033},{"m":false,"E":1592668834085,"l":4334034,"M":true,"q":"748.00000000","s":"NAVBTC","a":3058001,"T":1592668834084,"e":"aggTrade","p":"0.00001551","f":4334034},{"m":false,"E":1592668834094,"l":4334036,"M":true,"q":"314.00000000","s":"NAVBTC","a":3058002,"T":1592668834093,"e":"aggTrade","p":"0.00001551","f":4334035},{"m":false,"E":1592668834201,"l":4334037,"M":true,"q":"241.00000000","s":"NAVBTC","a":3058003,"T":1592668834200,"e":"aggTrade","p":"0.00001551","f":4334037},{"m":false,"E":1592668834284,"l":4334050,"M":true,"q":"13723.00000000","s":"NAVBTC","a":3058004,"T":1592668834281,"e":"aggTrade","p":"0.00001551","f":4334038},{"m":false,"E":1592668834450,"l":4334051,"M":true,"q":"640.00000000","s":"NAVBTC","a":3058005,"T":1592668834449,"e":"aggTrade","p":"0.00001556","f":4334051},{"m":false,"E":1592668834625,"l":4334054,"M":true,"q":"1294.00000000","s":"NAVBTC","a":3058006,"T":1592668834623,"e":"aggTrade","p":"0.00001556","f":4334052},{"m":false,"E":1592668835023,"l":4334057,"M":true,"q":"996.00000000","s":"NAVBTC","a":3058007,"T":1592668835021,"e":"aggTrade","p":"0.00001556","f":4334055},{"m":false,"E":1592668835083,"l":4334058,"M":true,"q":"748.00000000","s":"NAVBTC","a":3058008,"T":1592668835082,"e":"aggTrade","p":"0.00001556","f":4334058},{"m":false,"E":1592668835264,"l":4334063,"M":true,"q":"1896.00000000","s":"NAVBTC","a":3058009,"T":1592668835262,"e":"aggTrade","p":"0.00001556","f":4334059},{"m":false,"E":1592668835303,"l":4334075,"M":true,"q":"7531.00000000","s":"NAVBTC","a":3058010,"T":1592668835301,"e":"aggTrade","p":"0.00001556","f":4334064},{"m":false,"E":1592668835949,"l":4334078,"M":true,"q":"260.00000000","s":"NAVBTC","a":3058011,"T":1592668835947,"e":"aggTrade","p":"0.00001555","f":4334076},{"m":true,"E":1592668835992,"l":4334079,"M":true,"q":"68.00000000","s":"NAVBTC","a":3058012,"T":1592668835991,"e":"aggTrade","p":"0.00001553","f":4334079},{"m":false,"E":1592668836008,"l":4334081,"M":true,"q":"193.00000000","s":"NAVBTC","a":3058013,"T":1592668836007,"e":"aggTrade","p":"0.00001555","f":4334080},{"m":false,"E":1592668836126,"l":4334082,"M":true,"q":"47.00000000","s":"NAVBTC","a":3058014,"T":1592668836125,"e":"aggTrade","p":"0.00001555","f":4334082},{"m":false,"E":1592668836280,"l":4334088,"M":true,"q":"743.00000000","s":"NAVBTC","a":3058015,"T":1592668836278,"e":"aggTrade","p":"0.00001555","f":4334083},{"m":false,"E":1592668836429,"l":4334089,"M":true,"q":"83.00000000","s":"NAVBTC","a":3058016,"T":1592668836428,"e":"aggTrade","p":"0.00001558","f":4334089},{"m":true,"E":1592668836669,"l":4334092,"M":true,"q":"1770.00000000","s":"NAVBTC","a":3058017,"T":1592668836667,"e":"aggTrade","p":"0.00001553","f":4334090},{"m":false,"E":1592668837160,"l":4334093,"M":true,"q":"328.00000000","s":"NAVBTC","a":3058018,"T":1592668837159,"e":"aggTrade","p":"0.00001558","f":4334093},{"m":true,"E":1592668837267,"l":4334094,"M":true,"q":"203.00000000","s":"NAVBTC","a":3058019,"T":1592668837265,"e":"aggTrade","p":"0.00001563","f":4334094},{"m":true,"E":1592668837267,"l":4334095,"M":true,"q":"653.00000000","s":"NAVBTC","a":3058020,"T":1592668837265,"e":"aggTrade","p":"0.00001558","f":4334095},{"m":false,"E":1592668837280,"l":4334105,"M":true,"q":"271.00000000","s":"NAVBTC","a":3058021,"T":1592668837278,"e":"aggTrade","p":"0.00001565","f":4334096},{"m":false,"E":1592668837372,"l":4334107,"M":true,"q":"59.00000000","s":"NAVBTC","a":3058022,"T":1592668837370,"e":"aggTrade","p":"0.00001567","f":4334106},{"m":true,"E":1592668838221,"l":4334108,"M":true,"q":"158.00000000","s":"NAVBTC","a":3058023,"T":1592668838220,"e":"aggTrade","p":"0.00001567","f":4334108},{"m":false,"E":1592668838319,"l":4334129,"M":true,"q":"3022.00000000","s":"NAVBTC","a":3058024,"T":1592668838315,"e":"aggTrade","p":"0.00001568","f":4334109},{"m":false,"E":1592668838687,"l":4334130,"M":true,"q":"21.00000000","s":"NAVBTC","a":3058025,"T":1592668838686,"e":"aggTrade","p":"0.00001570","f":4334130},{"m":false,"E":1592668840395,"l":4334131,"M":true,"q":"149.00000000","s":"NAVBTC","a":3058026,"T":1592668840394,"e":"aggTrade","p":"0.00001572","f":4334131},{"m":false,"E":1592668841289,"l":4334132,"M":true,"q":"4344.00000000","s":"NAVBTC","a":3058027,"T":1592668841287,"e":"aggTrade","p":"0.00001572","f":4334132},{"m":false,"E":1592668841601,"l":4334133,"M":true,"q":"7.00000000","s":"NAVBTC","a":3058028,"T":1592668841600,"e":"aggTrade","p":"0.00001574","f":4334133},{"m":false,"E":1592668842211,"l":4334135,"M":true,"q":"25.00000000","s":"NAVBTC","a":3058029,"T":1592668842209,"e":"aggTrade","p":"0.00001574","f":4334134},{"m":false,"E":1592668842211,"l":4334137,"M":true,"q":"101.00000000","s":"NAVBTC","a":3058030,"T":1592668842209,"e":"aggTrade","p":"0.00001575","f":4334136},{"m":false,"E":1592668845349,"l":4334147,"M":true,"q":"1944.00000000","s":"NAVBTC","a":3058031,"T":1592668845346,"e":"aggTrade","p":"0.00001572","f":4334138},{"m":false,"E":1592668847993,"l":4334148,"M":true,"q":"260.00000000","s":"NAVBTC","a":3058032,"T":1592668847991,"e":"aggTrade","p":"0.00001574","f":4334148},{"m":false,"E":1592668847993,"l":4334149,"M":true,"q":"106.00000000","s":"NAVBTC","a":3058033,"T":1592668847991,"e":"aggTrade","p":"0.00001575","f":4334149},{"m":false,"E":1592668847993,"l":4334153,"M":true,"q":"588.00000000","s":"NAVBTC","a":3058034,"T":1592668847991,"e":"aggTrade","p":"0.00001577","f":4334150},{"m":true,"E":1592668849541,"l":4334163,"M":true,"q":"2636.00000000","s":"NAVBTC","a":3058035,"T":1592668849539,"e":"aggTrade","p":"0.00001573","f":4334154},{"m":true,"E":1592668849937,"l":4334165,"M":true,"q":"201.00000000","s":"NAVBTC","a":3058036,"T":1592668849935,"e":"aggTrade","p":"0.00001571","f":4334164},{"m":false,"E":1592668850063,"l":4334171,"M":true,"q":"954.00000000","s":"NAVBTC","a":3058037,"T":1592668850062,"e":"aggTrade","p":"0.00001577","f":4334166},{"m":false,"E":1592668851631,"l":4334172,"M":true,"q":"15.00000000","s":"NAVBTC","a":3058038,"T":1592668851629,"e":"aggTrade","p":"0.00001577","f":4334172},{"m":false,"E":1592668852317,"l":4334174,"M":true,"q":"289.00000000","s":"NAVBTC","a":3058039,"T":1592668852314,"e":"aggTrade","p":"0.00001577","f":4334173},{"m":false,"E":1592668852317,"l":4334186,"M":true,"q":"345.00000000","s":"NAVBTC","a":3058040,"T":1592668852314,"e":"aggTrade","p":"0.00001578","f":4334175},{"m":true,"E":1592668852354,"l":4334187,"M":true,"q":"1515.00000000","s":"NAVBTC","a":3058041,"T":1592668852353,"e":"aggTrade","p":"0.00001572","f":4334187},{"m":false,"E":1592668853006,"l":4334196,"M":true,"q":"254.00000000","s":"NAVBTC","a":3058042,"T":1592668853003,"e":"aggTrade","p":"0.00001578","f":4334188},{"m":false,"E":1592668853006,"l":4334197,"M":true,"q":"159.00000000","s":"NAVBTC","a":3058043,"T":1592668853003,"e":"aggTrade","p":"0.00001580","f":4334197},{"m":false,"E":1592668855888,"l":4334198,"M":true,"q":"314.00000000","s":"NAVBTC","a":3058044,"T":1592668855887,"e":"aggTrade","p":"0.00001580","f":4334198},{"m":true,"E":1592668856265,"l":4334199,"M":true,"q":"35.00000000","s":"NAVBTC","a":3058045,"T":1592668856264,"e":"aggTrade","p":"0.00001575","f":4334199},{"m":false,"E":1592668857077,"l":4334200,"M":true,"q":"314.00000000","s":"NAVBTC","a":3058046,"T":1592668857076,"e":"aggTrade","p":"0.00001579","f":4334200},{"m":false,"E":1592668858823,"l":4334201,"M":true,"q":"320.00000000","s":"NAVBTC","a":3058047,"T":1592668858822,"e":"aggTrade","p":"0.00001578","f":4334201},{"m":true,"E":1592668859268,"l":4334202,"M":true,"q":"314.00000000","s":"NAVBTC","a":3058048,"T":1592668859267,"e":"aggTrade","p":"0.00001572","f":4334202},{"m":false,"E":1592668861090,"l":4334203,"M":true,"q":"219.00000000","s":"NAVBTC","a":3058049,"T":1592668861089,"e":"aggTrade","p":"0.00001578","f":4334203},{"m":true,"E":1592668861260,"l":4334204,"M":true,"q":"9978.00000000","s":"NAVBTC","a":3058050,"T":1592668861259,"e":"aggTrade","p":"0.00001572","f":4334204},{"m":false,"E":1592668861300,"l":4334206,"M":true,"q":"357.00000000","s":"NAVBTC","a":3058051,"T":1592668861299,"e":"aggTrade","p":"0.00001578","f":4334205},{"m":true,"E":1592668862089,"l":4334207,"M":true,"q":"38.00000000","s":"NAVBTC","a":3058052,"T":1592668862087,"e":"aggTrade","p":"0.00001573","f":4334207},{"m":true,"E":1592668862089,"l":4334208,"M":true,"q":"2507.00000000","s":"NAVBTC","a":3058053,"T":1592668862087,"e":"aggTrade","p":"0.00001572","f":4334208},{"m":false,"E":1592668863261,"l":4334209,"M":true,"q":"283.00000000","s":"NAVBTC","a":3058054,"T":1592668863260,"e":"aggTrade","p":"0.00001578","f":4334209},{"m":false,"E":1592668872385,"l":4334210,"M":true,"q":"64.00000000","s":"NAVBTC","a":3058055,"T":1592668872384,"e":"aggTrade","p":"0.00001574","f":4334210},{"m":false,"E":1592668872493,"l":4334211,"M":true,"q":"42.00000000","s":"NAVBTC","a":3058056,"T":1592668872492,"e":"aggTrade","p":"0.00001574","f":4334211},{"m":false,"E":1592668878247,"l":4334212,"M":true,"q":"33.00000000","s":"NAVBTC","a":3058057,"T":1592668878246,"e":"aggTrade","p":"0.00001574","f":4334212},{"m":false,"E":1592668878808,"l":4334213,"M":true,"q":"7.00000000","s":"NAVBTC","a":3058058,"T":1592668878807,"e":"aggTrade","p":"0.00001574","f":4334213},{"m":true,"E":1592668878865,"l":4334214,"M":true,"q":"626.00000000","s":"NAVBTC","a":3058059,"T":1592668878864,"e":"aggTrade","p":"0.00001572","f":4334214},{"m":true,"E":1592668878892,"l":4334216,"M":true,"q":"1306.00000000","s":"NAVBTC","a":3058060,"T":1592668878891,"e":"aggTrade","p":"0.00001572","f":4334215},{"m":true,"E":1592668878892,"l":4334217,"M":true,"q":"997.00000000","s":"NAVBTC","a":3058061,"T":1592668878891,"e":"aggTrade","p":"0.00001571","f":4334217},{"m":true,"E":1592668878902,"l":4334218,"M":true,"q":"2130.00000000","s":"NAVBTC","a":3058062,"T":1592668878901,"e":"aggTrade","p":"0.00001571","f":4334218},{"m":false,"E":1592668879014,"l":4334219,"M":true,"q":"323.00000000","s":"NAVBTC","a":3058063,"T":1592668879013,"e":"aggTrade","p":"0.00001574","f":4334219},{"m":true,"E":1592668882297,"l":4334221,"M":true,"q":"72.00000000","s":"NAVBTC","a":3058064,"T":1592668882296,"e":"aggTrade","p":"0.00001572","f":4334220},{"m":false,"E":1592668882403,"l":4334223,"M":true,"q":"127.00000000","s":"NAVBTC","a":3058065,"T":1592668882402,"e":"aggTrade","p":"0.00001572","f":4334222},{"m":true,"E":1592668884669,"l":4334224,"M":true,"q":"64.00000000","s":"NAVBTC","a":3058066,"T":1592668884668,"e":"aggTrade","p":"0.00001571","f":4334224},{"m":false,"E":1592668885708,"l":4334228,"M":true,"q":"163.00000000","s":"NAVBTC","a":3058067,"T":1592668885706,"e":"aggTrade","p":"0.00001572","f":4334225},{"m":false,"E":1592668886432,"l":4334233,"M":true,"q":"291.00000000","s":"NAVBTC","a":3058068,"T":1592668886430,"e":"aggTrade","p":"0.00001572","f":4334229},{"m":false,"E":1592668886432,"l":4334234,"M":true,"q":"215.00000000","s":"NAVBTC","a":3058069,"T":1592668886430,"e":"aggTrade","p":"0.00001575","f":4334234}]]},{"peak":"","transactionList":[]},{"peak":"3.18246110|271,-4.84441301|492,5.29119318|576,-7.70596591|192,4.22680412|204,-5.46391753|366,5.79110651|117,-4.55015512|54,6.27189909|225,-3.78416258|117,5.89917769|300,-3.28923847|180,6.60516605|450,-5.01845018|420,17.26411207|2940,-17.59373712|2640,11.35388217|990,-4.52594616|300,11.20797011|810,-15.15151515|2880,8.91244601|3090,-4.75068708|1080,5.20504732|1200,-11.79022082|4620,3.27868852|120,-3.64298725|120,15.22883759|690,-3.11867153|510,6.39364814|90,-10.23819473|270,8.42581176|810,-4.76777641|930,-4.72918351|540,7.81471004|685","transactionList":[{},{},{},{},{},{},{},{},{},{},{},{},{},{},{},{},{},{},{},{},{},{},{},{},{},{},{},{},{},{},{},{},{},[{"m":true,"E":1592641630579,"l":3193635,"M":true,"q":"1793.00000000","s":"ONGBTC","a":2423087,"T":1592641630577,"e":"aggTrade","p":"0.00001514","f":3193633},{"m":false,"E":1592641653518,"l":3193636,"M":true,"q":"257.00000000","s":"ONGBTC","a":2423088,"T":1592641653517,"e":"aggTrade","p":"0.00001514","f":3193636},{"m":false,"E":1592641653519,"l":3193637,"M":true,"q":"8.00000000","s":"ONGBTC","a":2423089,"T":1592641653518,"e":"aggTrade","p":"0.00001514","f":3193637},{"m":false,"E":1592641653594,"l":3193638,"M":true,"q":"703.00000000","s":"ONGBTC","a":2423090,"T":1592641653592,"e":"aggTrade","p":"0.00001515","f":3193638},{"m":true,"E":1592641676080,"l":3193639,"M":true,"q":"7.00000000","s":"ONGBTC","a":2423091,"T":1592641676078,"e":"aggTrade","p":"0.00001513","f":3193639},{"m":true,"E":1592641676080,"l":3193642,"M":true,"q":"9256.00000000","s":"ONGBTC","a":2423092,"T":1592641676078,"e":"aggTrade","p":"0.00001511","f":3193640},{"m":false,"E":1592641681991,"l":3193646,"M":true,"q":"37.00000000","s":"ONGBTC","a":2423093,"T":1592641681984,"e":"aggTrade","p":"0.00001517","f":3193643},{"m":false,"E":1592641681991,"l":3193651,"M":true,"q":"1113.00000000","s":"ONGBTC","a":2423094,"T":1592641681984,"e":"aggTrade","p":"0.00001518","f":3193647},{"m":false,"E":1592641681991,"l":3193658,"M":true,"q":"3349.00000000","s":"ONGBTC","a":2423095,"T":1592641681984,"e":"aggTrade","p":"0.00001519","f":3193652},{"m":false,"E":1592641681991,"l":3193663,"M":true,"q":"517.00000000","s":"ONGBTC","a":2423096,"T":1592641681984,"e":"aggTrade","p":"0.00001520","f":3193659},{"m":false,"E":1592641681991,"l":3193665,"M":true,"q":"20.00000000","s":"ONGBTC","a":2423097,"T":1592641681984,"e":"aggTrade","p":"0.00001521","f":3193664},{"m":false,"E":1592641681991,"l":3193667,"M":true,"q":"202.00000000","s":"ONGBTC","a":2423098,"T":1592641681984,"e":"aggTrade","p":"0.00001522","f":3193666},{"m":false,"E":1592641682033,"l":3193668,"M":true,"q":"8.00000000","s":"ONGBTC","a":2423099,"T":1592641682030,"e":"aggTrade","p":"0.00001524","f":3193668},{"m":false,"E":1592641682033,"l":3193672,"M":true,"q":"140.00000000","s":"ONGBTC","a":2423100,"T":1592641682030,"e":"aggTrade","p":"0.00001525","f":3193669},{"m":false,"E":1592641682033,"l":3193675,"M":true,"q":"5083.00000000","s":"ONGBTC","a":2423101,"T":1592641682030,"e":"aggTrade","p":"0.00001526","f":3193673},{"m":true,"E":1592641682169,"l":3193676,"M":true,"q":"370.00000000","s":"ONGBTC","a":2423102,"T":1592641682168,"e":"aggTrade","p":"0.00001522","f":3193676},{"m":false,"E":1592641682388,"l":3193677,"M":true,"q":"2.00000000","s":"ONGBTC","a":2423103,"T":1592641682387,"e":"aggTrade","p":"0.00001526","f":3193677},{"m":true,"E":1592641682913,"l":3193679,"M":true,"q":"690.00000000","s":"ONGBTC","a":2423104,"T":1592641682911,"e":"aggTrade","p":"0.00001516","f":3193678},{"m":true,"E":1592641682913,"l":3193680,"M":true,"q":"186.00000000","s":"ONGBTC","a":2423105,"T":1592641682911,"e":"aggTrade","p":"0.00001514","f":3193680},{"m":true,"E":1592641683589,"l":3193681,"M":true,"q":"275.00000000","s":"ONGBTC","a":2423106,"T":1592641683588,"e":"aggTrade","p":"0.00001515","f":3193681},{"m":true,"E":1592641683836,"l":3193682,"M":true,"q":"69.00000000","s":"ONGBTC","a":2423107,"T":1592641683835,"e":"aggTrade","p":"0.00001515","f":3193682},{"m":true,"E":1592641683931,"l":3193683,"M":true,"q":"345.00000000","s":"ONGBTC","a":2423108,"T":1592641683930,"e":"aggTrade","p":"0.00001515","f":3193683},{"m":false,"E":1592641685777,"l":3193684,"M":true,"q":"14.00000000","s":"ONGBTC","a":2423109,"T":1592641685775,"e":"aggTrade","p":"0.00001526","f":3193684},{"m":false,"E":1592641686599,"l":3193685,"M":true,"q":"7.00000000","s":"ONGBTC","a":2423110,"T":1592641686598,"e":"aggTrade","p":"0.00001526","f":3193685},{"m":false,"E":1592641687253,"l":3193686,"M":true,"q":"7.00000000","s":"ONGBTC","a":2423111,"T":1592641687252,"e":"aggTrade","p":"0.00001526","f":3193686},{"m":true,"E":1592641687475,"l":3193687,"M":true,"q":"72.00000000","s":"ONGBTC","a":2423112,"T":1592641687474,"e":"aggTrade","p":"0.00001516","f":3193687},{"m":false,"E":1592641687608,"l":3193688,"M":true,"q":"7.00000000","s":"ONGBTC","a":2423113,"T":1592641687607,"e":"aggTrade","p":"0.00001526","f":3193688},{"m":false,"E":1592641687616,"l":3193689,"M":true,"q":"14.00000000","s":"ONGBTC","a":2423114,"T":1592641687615,"e":"aggTrade","p":"0.00001526","f":3193689},{"m":false,"E":1592641687630,"l":3193690,"M":true,"q":"7.00000000","s":"ONGBTC","a":2423115,"T":1592641687629,"e":"aggTrade","p":"0.00001526","f":3193690},{"m":false,"E":1592641687631,"l":3193691,"M":true,"q":"7.00000000","s":"ONGBTC","a":2423116,"T":1592641687629,"e":"aggTrade","p":"0.00001526","f":3193691},{"m":false,"E":1592641687697,"l":3193692,"M":true,"q":"8.00000000","s":"ONGBTC","a":2423117,"T":1592641687696,"e":"aggTrade","p":"0.00001526","f":3193692},{"m":true,"E":1592641687747,"l":3193693,"M":true,"q":"20.00000000","s":"ONGBTC","a":2423118,"T":1592641687746,"e":"aggTrade","p":"0.00001516","f":3193693},{"m":false,"E":1592641688093,"l":3193694,"M":true,"q":"7.00000000","s":"ONGBTC","a":2423119,"T":1592641688092,"e":"aggTrade","p":"0.00001526","f":3193694},{"m":false,"E":1592641689279,"l":3193695,"M":true,"q":"9.00000000","s":"ONGBTC","a":2423120,"T":1592641689278,"e":"aggTrade","p":"0.00001525","f":3193695},{"m":true,"E":1592641689364,"l":3193696,"M":true,"q":"7.00000000","s":"ONGBTC","a":2423121,"T":1592641689363,"e":"aggTrade","p":"0.00001524","f":3193696},{"m":true,"E":1592641689737,"l":3193697,"M":true,"q":"7.00000000","s":"ONGBTC","a":2423122,"T":1592641689736,"e":"aggTrade","p":"0.00001523","f":3193697},{"m":false,"E":1592641691178,"l":3193698,"M":true,"q":"13.00000000","s":"ONGBTC","a":2423123,"T":1592641691177,"e":"aggTrade","p":"0.00001524","f":3193698},{"m":false,"E":1592641706469,"l":3193699,"M":true,"q":"963.00000000","s":"ONGBTC","a":2423124,"T":1592641706467,"e":"aggTrade","p":"0.00001523","f":3193699},{"m":false,"E":1592641706521,"l":3193700,"M":true,"q":"258.00000000","s":"ONGBTC","a":2423125,"T":1592641706520,"e":"aggTrade","p":"0.00001525","f":3193700},{"m":false,"E":1592641706565,"l":3193702,"M":true,"q":"961.00000000","s":"ONGBTC","a":2423126,"T":1592641706563,"e":"aggTrade","p":"0.00001526","f":3193701},{"m":false,"E":1592641706682,"l":3193703,"M":true,"q":"1748.00000000","s":"ONGBTC","a":2423127,"T":1592641706680,"e":"aggTrade","p":"0.00001526","f":3193703},{"m":true,"E":1592641712013,"l":3193704,"M":true,"q":"123.00000000","s":"ONGBTC","a":2423128,"T":1592641712012,"e":"aggTrade","p":"0.00001523","f":3193704},{"m":true,"E":1592641717118,"l":3193705,"M":true,"q":"19.00000000","s":"ONGBTC","a":2423129,"T":1592641717117,"e":"aggTrade","p":"0.00001523","f":3193705},{"m":true,"E":1592641720264,"l":3193706,"M":true,"q":"963.00000000","s":"ONGBTC","a":2423130,"T":1592641720263,"e":"aggTrade","p":"0.00001522","f":3193706},{"m":true,"E":1592641720938,"l":3193707,"M":true,"q":"7.00000000","s":"ONGBTC","a":2423131,"T":1592641720936,"e":"aggTrade","p":"0.00001521","f":3193707},{"m":true,"E":1592641726567,"l":3193708,"M":true,"q":"963.00000000","s":"ONGBTC","a":2423132,"T":1592641726566,"e":"aggTrade","p":"0.00001521","f":3193708},{"m":false,"E":1592641742057,"l":3193711,"M":true,"q":"1154.00000000","s":"ONGBTC","a":2423133,"T":1592641742055,"e":"aggTrade","p":"0.00001525","f":3193709}]]},{"peak":"6.98113208|530,-3.58490566|470,5.37428023|441,-8.44529750|609,11.22047244|3018,-3.34645669|600,5.21042084|960,-13.22645291|4560,5.01858736|990,-11.33828996|930,8.51449275|4650,-11.77536232|5310,7.30434783|840,-3.13043478|1110,3.49040140|210,-3.49040140|120,3.13043478|840,-10.08695652|810,3.94088670|570,-5.09031199|150,4.40456770|420,-4.89396411|390,11.05354059|570,-3.28151986|210,3.63951473|360,6.98113208|530","transactionList":[{},{},{},{},{},{},{},{},{},{},{},{},{},{},{},{},{},{},{},{},{},{},{},{},{},[]]},{"peak":"-5.51301685|313,3.92156863|373,-3.46907994|38,4.57317073|71,-4.26829268|80,6.21118012|124,-5.12422360|327,11.53212521|336,-9.71993410|294,7.07395498|117,-3.53697749|75,6.27062706|321,-3.63036304|345,10.36906854|2124,-3.33919156|570,4.07079646|870,-4.60176991|330,7.25952813|570,-12.88566243|1050,3.32225914|90,-5.31561462|1080,10.83916084|1470,-8.91608392|570,3.66056572|390,-8.15307820|120,5.34846029|180,-3.24149109|60,5.63847430|150,-4.80928690|30,10.48951049|600,-3.84615385|150,8.99082569|540,-3.48623853|30,6.21468927|240,-6.59133710|780,13.20000000|1470,-5.80000000|1470,10.43841336|240,-8.14196242|600,3.39321357|300,-3.19361277|180,4.44444444|540,-6.86868687|450,3.52250489|150,-8.21917808|360,30.73286052|1380,-11.11111111|1170,5.38116592|210,-3.81165919|300,6.68202765|150,-5.99078341|510,13.02211302|540,-4.17690418|270,13.67292225|780,-8.04289544|630,6.89655172|1380,-7.16180371|960,6.87830688|480,-3.70370370|210,2.61780105|330,-8.16326531|525,3.13971743|96","transactionList":[{},{},{},{},{},{},{},{},{},{},{},{},{},{},{},{},{},{},{},{},{},{},{},{},{},{},{},{},{},{},{},{},{},{},{},{},{},{},{},{},{},{},{},{},{},{},{},{},{},{},{},{},{},{},{},{},{},{},{},{},[{"m":true,"E":1592651952957,"l":1715821,"M":true,"q":"38680.00000000","s":"NKNBTC","a":952694,"T":1592651952942,"e":"aggTrade","p":"0.00000322","f":1715816},{"m":true,"E":1592651952957,"l":1715838,"M":true,"q":"89210.00000000","s":"NKNBTC","a":952695,"T":1592651952942,"e":"aggTrade","p":"0.00000321","f":1715822},{"m":true,"E":1592651952957,"l":1715886,"M":true,"q":"166368.00000000","s":"NKNBTC","a":952696,"T":1592651952942,"e":"aggTrade","p":"0.00000320","f":1715839},{"m":true,"E":1592651952957,"l":1715894,"M":true,"q":"44496.00000000","s":"NKNBTC","a":952697,"T":1592651952942,"e":"aggTrade","p":"0.00000319","f":1715887},{"m":true,"E":1592651952957,"l":1715895,"M":true,"q":"652.00000000","s":"NKNBTC","a":952698,"T":1592651952942,"e":"aggTrade","p":"0.00000319","f":1715895},{"m":true,"E":1592651952957,"l":1715896,"M":true,"q":"607.00000000","s":"NKNBTC","a":952699,"T":1592651952942,"e":"aggTrade","p":"0.00000319","f":1715896},{"m":false,"E":1592651952972,"l":1715901,"M":true,"q":"52854.00000000","s":"NKNBTC","a":952700,"T":1592651952962,"e":"aggTrade","p":"0.00000320","f":1715897},{"m":false,"E":1592651952974,"l":1715902,"M":true,"q":"2067.00000000","s":"NKNBTC","a":952701,"T":1592651952963,"e":"aggTrade","p":"0.00000320","f":1715902},{"m":false,"E":1592651953123,"l":1715903,"M":true,"q":"1728.00000000","s":"NKNBTC","a":952702,"T":1592651953118,"e":"aggTrade","p":"0.00000321","f":1715903},{"m":false,"E":1592651954191,"l":1715905,"M":true,"q":"1789.00000000","s":"NKNBTC","a":952703,"T":1592651954189,"e":"aggTrade","p":"0.00000321","f":1715904},{"m":true,"E":1592651954363,"l":1715907,"M":true,"q":"1018.00000000","s":"NKNBTC","a":952704,"T":1592651954362,"e":"aggTrade","p":"0.00000320","f":1715906},{"m":false,"E":1592651957243,"l":1715908,"M":true,"q":"32.00000000","s":"NKNBTC","a":952705,"T":1592651957242,"e":"aggTrade","p":"0.00000321","f":1715908},{"m":true,"E":1592651958215,"l":1715909,"M":true,"q":"1022.00000000","s":"NKNBTC","a":952706,"T":1592651958213,"e":"aggTrade","p":"0.00000320","f":1715909},{"m":false,"E":1592651959073,"l":1715910,"M":true,"q":"32.00000000","s":"NKNBTC","a":952707,"T":1592651959072,"e":"aggTrade","p":"0.00000321","f":1715910},{"m":false,"E":1592651959943,"l":1715911,"M":true,"q":"115.00000000","s":"NKNBTC","a":952708,"T":1592651959942,"e":"aggTrade","p":"0.00000321","f":1715911},{"m":true,"E":1592651965615,"l":1715912,"M":true,"q":"885.00000000","s":"NKNBTC","a":952709,"T":1592651964733,"e":"aggTrade","p":"0.00000321","f":1715912},{"m":false,"E":1592651967022,"l":1715915,"M":true,"q":"4970.00000000","s":"NKNBTC","a":952710,"T":1592651966080,"e":"aggTrade","p":"0.00000321","f":1715913},{"m":true,"E":1592651969179,"l":1715916,"M":true,"q":"389.00000000","s":"NKNBTC","a":952711,"T":1592651968413,"e":"aggTrade","p":"0.00000320","f":1715916},{"m":true,"E":1592651969179,"l":1715918,"M":true,"q":"27169.00000000","s":"NKNBTC","a":952712,"T":1592651968413,"e":"aggTrade","p":"0.00000319","f":1715917},{"m":false,"E":1592651975592,"l":1715919,"M":true,"q":"2714.00000000","s":"NKNBTC","a":952713,"T":1592651975442,"e":"aggTrade","p":"0.00000320","f":1715919},{"m":false,"E":1592651975597,"l":1715921,"M":true,"q":"4188.00000000","s":"NKNBTC","a":952714,"T":1592651975446,"e":"aggTrade","p":"0.00000320","f":1715920},{"m":false,"E":1592651975597,"l":1715923,"M":true,"q":"2714.00000000","s":"NKNBTC","a":952715,"T":1592651975446,"e":"aggTrade","p":"0.00000321","f":1715922},{"m":true,"E":1592652001218,"l":1715924,"M":true,"q":"2301.00000000","s":"NKNBTC","a":952716,"T":1592652001217,"e":"aggTrade","p":"0.00000320","f":1715924},{"m":true,"E":1592652001218,"l":1715925,"M":true,"q":"4722.00000000","s":"NKNBTC","a":952717,"T":1592652001217,"e":"aggTrade","p":"0.00000319","f":1715925},{"m":true,"E":1592652001470,"l":1715929,"M":true,"q":"20026.00000000","s":"NKNBTC","a":952718,"T":1592652001469,"e":"aggTrade","p":"0.00000319","f":1715926},{"m":false,"E":1592652002442,"l":1715930,"M":true,"q":"1425.00000000","s":"NKNBTC","a":952719,"T":1592652002441,"e":"aggTrade","p":"0.00000320","f":1715930},{"m":true,"E":1592652011084,"l":1715931,"M":true,"q":"3272.00000000","s":"NKNBTC","a":952720,"T":1592652010981,"e":"aggTrade","p":"0.00000319","f":1715931},{"m":false,"E":1592652020212,"l":1715932,"M":true,"q":"2256.00000000","s":"NKNBTC","a":952721,"T":1592652019404,"e":"aggTrade","p":"0.00000319","f":1715932},{"m":false,"E":1592652023368,"l":1715933,"M":true,"q":"3285.00000000","s":"NKNBTC","a":952722,"T":1592652022386,"e":"aggTrade","p":"0.00000319","f":1715933},{"m":false,"E":1592652026842,"l":1715934,"M":true,"q":"2057.00000000","s":"NKNBTC","a":952723,"T":1592652026105,"e":"aggTrade","p":"0.00000319","f":1715934},{"m":false,"E":1592652028069,"l":1715935,"M":true,"q":"32.00000000","s":"NKNBTC","a":952724,"T":1592652027430,"e":"aggTrade","p":"0.00000319","f":1715935},{"m":true,"E":1592652032393,"l":1715938,"M":true,"q":"3184.00000000","s":"NKNBTC","a":952725,"T":1592652031756,"e":"aggTrade","p":"0.00000318","f":1715936},{"m":true,"E":1592652032393,"l":1715939,"M":true,"q":"4715.00000000","s":"NKNBTC","a":952726,"T":1592652031756,"e":"aggTrade","p":"0.00000318","f":1715939},{"m":true,"E":1592652032394,"l":1715940,"M":true,"q":"3683.00000000","s":"NKNBTC","a":952727,"T":1592652031756,"e":"aggTrade","p":"0.00000318","f":1715940},{"m":true,"E":1592652032394,"l":1715941,"M":true,"q":"7222.00000000","s":"NKNBTC","a":952728,"T":1592652031756,"e":"aggTrade","p":"0.00000318","f":1715941},{"m":false,"E":1592652033366,"l":1715942,"M":true,"q":"502.00000000","s":"NKNBTC","a":952729,"T":1592652032724,"e":"aggTrade","p":"0.00000319","f":1715942},{"m":false,"E":1592652034102,"l":1715943,"M":true,"q":"514.00000000","s":"NKNBTC","a":952730,"T":1592652033477,"e":"aggTrade","p":"0.00000319","f":1715943},{"m":false,"E":1592652034661,"l":1715944,"M":true,"q":"672.00000000","s":"NKNBTC","a":952731,"T":1592652034109,"e":"aggTrade","p":"0.00000319","f":1715944},{"m":true,"E":1592652035941,"l":1715945,"M":true,"q":"593.00000000","s":"NKNBTC","a":952732,"T":1592652035437,"e":"aggTrade","p":"0.00000318","f":1715945},{"m":false,"E":1592652036127,"l":1715946,"M":true,"q":"3168.00000000","s":"NKNBTC","a":952733,"T":1592652035639,"e":"aggTrade","p":"0.00000319","f":1715946},{"m":false,"E":1592652037700,"l":1715949,"M":true,"q":"5195.00000000","s":"NKNBTC","a":952734,"T":1592652037439,"e":"aggTrade","p":"0.00000319","f":1715947},{"m":false,"E":1592652042172,"l":1715951,"M":true,"q":"5476.00000000","s":"NKNBTC","a":952735,"T":1592652041944,"e":"aggTrade","p":"0.00000320","f":1715950},{"m":false,"E":1592652045772,"l":1715953,"M":true,"q":"5130.00000000","s":"NKNBTC","a":952736,"T":1592652045727,"e":"aggTrade","p":"0.00000321","f":1715952},{"m":false,"E":1592652050671,"l":1715954,"M":true,"q":"2300.00000000","s":"NKNBTC","a":952737,"T":1592652050525,"e":"aggTrade","p":"0.00000321","f":1715954},{"m":false,"E":1592652051153,"l":1715958,"M":true,"q":"2310.00000000","s":"NKNBTC","a":952738,"T":1592652051017,"e":"aggTrade","p":"0.00000321","f":1715955},{"m":false,"E":1592652051783,"l":1715959,"M":true,"q":"155.00000000","s":"NKNBTC","a":952739,"T":1592652051681,"e":"aggTrade","p":"0.00000322","f":1715959},{"m":true,"E":1592652054231,"l":1715960,"M":true,"q":"62.00000000","s":"NKNBTC","a":952740,"T":1592652054219,"e":"aggTrade","p":"0.00000321","f":1715960},{"m":true,"E":1592652059671,"l":1715961,"M":true,"q":"188.00000000","s":"NKNBTC","a":952741,"T":1592652059655,"e":"aggTrade","p":"0.00000321","f":1715961}],[{"m":false,"E":1592657735954,"l":1716485,"M":true,"q":"694.00000000","s":"NKNBTC","a":953017,"T":1592657735952,"e":"aggTrade","p":"0.00000327","f":1716485},{"m":false,"E":1592657735954,"l":1716486,"M":true,"q":"395.00000000","s":"NKNBTC","a":953018,"T":1592657735952,"e":"aggTrade","p":"0.00000328","f":1716486},{"m":true,"E":1592657737512,"l":1716487,"M":true,"q":"1046.00000000","s":"NKNBTC","a":953019,"T":1592657737511,"e":"aggTrade","p":"0.00000327","f":1716487},{"m":true,"E":1592657740655,"l":1716488,"M":true,"q":"2184.00000000","s":"NKNBTC","a":953020,"T":1592657740653,"e":"aggTrade","p":"0.00000327","f":1716488},{"m":true,"E":1592657743540,"l":1716490,"M":true,"q":"9067.00000000","s":"NKNBTC","a":953021,"T":1592657743539,"e":"aggTrade","p":"0.00000327","f":1716489},{"m":true,"E":1592657752619,"l":1716491,"M":true,"q":"831.00000000","s":"NKNBTC","a":953022,"T":1592657752617,"e":"aggTrade","p":"0.00000327","f":1716491},{"m":false,"E":1592657785143,"l":1716492,"M":true,"q":"1529.00000000","s":"NKNBTC","a":953023,"T":1592657785141,"e":"aggTrade","p":"0.00000328","f":1716492},{"m":false,"E":1592657794407,"l":1716505,"M":true,"q":"151176.00000000","s":"NKNBTC","a":953024,"T":1592657794403,"e":"aggTrade","p":"0.00000328","f":1716493},{"m":false,"E":1592657835917,"l":1716506,"M":true,"q":"2008.00000000","s":"NKNBTC","a":953025,"T":1592657835916,"e":"aggTrade","p":"0.00000329","f":1716506},{"m":false,"E":1592657837734,"l":1716507,"M":true,"q":"29187.00000000","s":"NKNBTC","a":953026,"T":1592657837733,"e":"aggTrade","p":"0.00000329","f":1716507}]]},{"peak":"-8.70712401|179,11.65311653|403,-5.82655827|309,4.27236315|212,-5.74098798|21,9.24137931|525,-10.06896552|1110,3.10077519|210,-12.01550388|240,6.90505549|330,-5.05548705|90,8.53503185|180,-18.21656051|600,18.06615776|240,-3.43511450|300,5.31088083|300,-6.34715026|540,21.44970414|420,-10.05917160|480,10.71428571|120,-4.16666667|60,3.70370370|90,-3.55555556|90,15.34653465|180,-18.15181518|420,4.22125182|60,-10.04366812|360,8.93371758|330,-3.74639769|120,6.03829161|60,-7.21649485|180,23.18104907|510,-9.64467005|390,21.57598499|570,-5.81613508|840,10.37181996|840,-13.30724070|540,4.32432432|90,-3.42342342|90,8.71212121|1350,-10.60606061|720,10.39697543|1080,-3.59168242|90,4.78011472|30,-7.07456979|180,6.46387833|330,-5.70342205|90,18.04670913|1740,-9.12951168|1260,3.42052314|840,-14.68812877|900,4.58715596|120,-7.52293578|270,9.53271028|420,-12.52336449|330,9.25589837|90,-3.81125227|90,16.26016260|150,-7.92682927|420,7.92682927|210,-5.48780488|90,20.41763341|1200,-3.24825986|330,9.06862745|480,-5.39215686|540,4.36893204|390,-18.20388350|420,11.95402299|150,-37.93103448|1410,8.10810811|210,-9.18918919|120,3.41296928|60,-7.16723549|90,7.53424658|60,-16.26712329|120,49.55947137|510,-4.62555066|60,18.15920398|120,-9.45273632|180,2.08816705|60,-16.22002821|683","transactionList":[{},{},{},{},{},{},{},{},{},{},{},{},{},{},{},{},{},{},{},{},{},{},{},{},{},{},{},{},{},{},{},{},{},{},{},{},{},{},{},{},{},{},{},{},{},{},{},{},{},{},{},{},{},{},{},{},{},{},{},{},{},{},{},{},{},{},{},{},{},{},{},{},{},{},{},{},{},{},{},{},[{"m":true,"E":1592666577956,"l":5968753,"M":true,"q":"8022.00000000","s":"BLZBTC","a":4636854,"T":1592666577954,"e":"aggTrade","p":"0.00000357","f":5968751},{"m":true,"E":1592666595690,"l":5968754,"M":true,"q":"575.00000000","s":"BLZBTC","a":4636855,"T":1592666595689,"e":"aggTrade","p":"0.00000357","f":5968754},{"m":true,"E":1592666595718,"l":5968756,"M":true,"q":"19195.00000000","s":"BLZBTC","a":4636856,"T":1592666595717,"e":"aggTrade","p":"0.00000357","f":5968755},{"m":false,"E":1592666595723,"l":5968757,"M":true,"q":"916.00000000","s":"BLZBTC","a":4636857,"T":1592666595722,"e":"aggTrade","p":"0.00000357","f":5968757},{"m":false,"E":1592666595724,"l":5968758,"M":true,"q":"916.00000000","s":"BLZBTC","a":4636858,"T":1592666595722,"e":"aggTrade","p":"0.00000357","f":5968758},{"m":false,"E":1592666595724,"l":5968759,"M":true,"q":"916.00000000","s":"BLZBTC","a":4636859,"T":1592666595722,"e":"aggTrade","p":"0.00000357","f":5968759},{"m":false,"E":1592666595725,"l":5968760,"M":true,"q":"916.00000000","s":"BLZBTC","a":4636860,"T":1592666595722,"e":"aggTrade","p":"0.00000357","f":5968760},{"m":false,"E":1592666595725,"l":5968761,"M":true,"q":"916.00000000","s":"BLZBTC","a":4636861,"T":1592666595722,"e":"aggTrade","p":"0.00000357","f":5968761},{"m":false,"E":1592666595726,"l":5968762,"M":true,"q":"916.00000000","s":"BLZBTC","a":4636862,"T":1592666595723,"e":"aggTrade","p":"0.00000357","f":5968762},{"m":false,"E":1592666595727,"l":5968763,"M":true,"q":"916.00000000","s":"BLZBTC","a":4636863,"T":1592666595723,"e":"aggTrade","p":"0.00000357","f":5968763},{"m":false,"E":1592666595727,"l":5968764,"M":true,"q":"916.00000000","s":"BLZBTC","a":4636864,"T":1592666595723,"e":"aggTrade","p":"0.00000357","f":5968764},{"m":false,"E":1592666595727,"l":5968765,"M":true,"q":"916.00000000","s":"BLZBTC","a":4636865,"T":1592666595723,"e":"aggTrade","p":"0.00000357","f":5968765},{"m":false,"E":1592666595728,"l":5968766,"M":true,"q":"916.00000000","s":"BLZBTC","a":4636866,"T":1592666595723,"e":"aggTrade","p":"0.00000357","f":5968766},{"m":false,"E":1592666595728,"l":5968767,"M":true,"q":"916.00000000","s":"BLZBTC","a":4636867,"T":1592666595723,"e":"aggTrade","p":"0.00000357","f":5968767},{"m":false,"E":1592666595729,"l":5968768,"M":true,"q":"916.00000000","s":"BLZBTC","a":4636868,"T":1592666595723,"e":"aggTrade","p":"0.00000357","f":5968768},{"m":false,"E":1592666595731,"l":5968769,"M":true,"q":"916.00000000","s":"BLZBTC","a":4636869,"T":1592666595725,"e":"aggTrade","p":"0.00000357","f":5968769},{"m":false,"E":1592666595732,"l":5968770,"M":true,"q":"916.00000000","s":"BLZBTC","a":4636870,"T":1592666595725,"e":"aggTrade","p":"0.00000357","f":5968770},{"m":false,"E":1592666595732,"l":5968771,"M":true,"q":"916.00000000","s":"BLZBTC","a":4636871,"T":1592666595725,"e":"aggTrade","p":"0.00000357","f":5968771},{"m":false,"E":1592666595732,"l":5968772,"M":true,"q":"916.00000000","s":"BLZBTC","a":4636872,"T":1592666595725,"e":"aggTrade","p":"0.00000357","f":5968772},{"m":false,"E":1592666595734,"l":5968773,"M":true,"q":"916.00000000","s":"BLZBTC","a":4636873,"T":1592666595725,"e":"aggTrade","p":"0.00000357","f":5968773},{"m":false,"E":1592666595734,"l":5968774,"M":true,"q":"916.00000000","s":"BLZBTC","a":4636874,"T":1592666595725,"e":"aggTrade","p":"0.00000357","f":5968774},{"m":false,"E":1592666595734,"l":5968775,"M":true,"q":"916.00000000","s":"BLZBTC","a":4636875,"T":1592666595725,"e":"aggTrade","p":"0.00000357","f":5968775},{"m":false,"E":1592666595736,"l":5968776,"M":true,"q":"916.00000000","s":"BLZBTC","a":4636876,"T":1592666595725,"e":"aggTrade","p":"0.00000357","f":5968776},{"m":false,"E":1592666595739,"l":5968777,"M":true,"q":"916.00000000","s":"BLZBTC","a":4636877,"T":1592666595726,"e":"aggTrade","p":"0.00000357","f":5968777},{"m":false,"E":1592666595739,"l":5968778,"M":true,"q":"916.00000000","s":"BLZBTC","a":4636878,"T":1592666595727,"e":"aggTrade","p":"0.00000357","f":5968778},{"m":false,"E":1592666595741,"l":5968779,"M":true,"q":"916.00000000","s":"BLZBTC","a":4636879,"T":1592666595727,"e":"aggTrade","p":"0.00000357","f":5968779},{"m":false,"E":1592666595742,"l":5968780,"M":true,"q":"916.00000000","s":"BLZBTC","a":4636880,"T":1592666595727,"e":"aggTrade","p":"0.00000357","f":5968780},{"m":false,"E":1592666595743,"l":5968781,"M":true,"q":"916.00000000","s":"BLZBTC","a":4636881,"T":1592666595727,"e":"aggTrade","p":"0.00000357","f":5968781},{"m":false,"E":1592666595743,"l":5968782,"M":true,"q":"916.00000000","s":"BLZBTC","a":4636882,"T":1592666595727,"e":"aggTrade","p":"0.00000357","f":5968782},{"m":false,"E":1592666595744,"l":5968783,"M":true,"q":"916.00000000","s":"BLZBTC","a":4636883,"T":1592666595727,"e":"aggTrade","p":"0.00000357","f":5968783},{"m":false,"E":1592666595744,"l":5968784,"M":true,"q":"916.00000000","s":"BLZBTC","a":4636884,"T":1592666595727,"e":"aggTrade","p":"0.00000357","f":5968784},{"m":false,"E":1592666595744,"l":5968785,"M":true,"q":"916.00000000","s":"BLZBTC","a":4636885,"T":1592666595727,"e":"aggTrade","p":"0.00000357","f":5968785},{"m":false,"E":1592666595747,"l":5968786,"M":true,"q":"916.00000000","s":"BLZBTC","a":4636886,"T":1592666595728,"e":"aggTrade","p":"0.00000357","f":5968786},{"m":false,"E":1592666595747,"l":5968787,"M":true,"q":"916.00000000","s":"BLZBTC","a":4636887,"T":1592666595728,"e":"aggTrade","p":"0.00000357","f":5968787},{"m":false,"E":1592666595748,"l":5968788,"M":true,"q":"916.00000000","s":"BLZBTC","a":4636888,"T":1592666595729,"e":"aggTrade","p":"0.00000357","f":5968788},{"m":false,"E":1592666595748,"l":5968789,"M":true,"q":"916.00000000","s":"BLZBTC","a":4636889,"T":1592666595729,"e":"aggTrade","p":"0.00000357","f":5968789},{"m":false,"E":1592666595749,"l":5968790,"M":true,"q":"916.00000000","s":"BLZBTC","a":4636890,"T":1592666595729,"e":"aggTrade","p":"0.00000357","f":5968790},{"m":false,"E":1592666595750,"l":5968791,"M":true,"q":"916.00000000","s":"BLZBTC","a":4636891,"T":1592666595729,"e":"aggTrade","p":"0.00000357","f":5968791},{"m":false,"E":1592666595750,"l":5968792,"M":true,"q":"916.00000000","s":"BLZBTC","a":4636892,"T":1592666595729,"e":"aggTrade","p":"0.00000357","f":5968792},{"m":false,"E":1592666595751,"l":5968793,"M":true,"q":"916.00000000","s":"BLZBTC","a":4636893,"T":1592666595729,"e":"aggTrade","p":"0.00000357","f":5968793},{"m":false,"E":1592666595751,"l":5968794,"M":true,"q":"916.00000000","s":"BLZBTC","a":4636894,"T":1592666595729,"e":"aggTrade","p":"0.00000357","f":5968794},{"m":false,"E":1592666595754,"l":5968795,"M":true,"q":"916.00000000","s":"BLZBTC","a":4636895,"T":1592666595730,"e":"aggTrade","p":"0.00000357","f":5968795},{"m":false,"E":1592666595754,"l":5968796,"M":true,"q":"3170.00000000","s":"BLZBTC","a":4636896,"T":1592666595730,"e":"aggTrade","p":"0.00000357","f":5968796},{"m":false,"E":1592666595755,"l":5968797,"M":true,"q":"916.00000000","s":"BLZBTC","a":4636897,"T":1592666595730,"e":"aggTrade","p":"0.00000357","f":5968797},{"m":false,"E":1592666595755,"l":5968798,"M":true,"q":"916.00000000","s":"BLZBTC","a":4636898,"T":1592666595730,"e":"aggTrade","p":"0.00000357","f":5968798},{"m":false,"E":1592666595756,"l":5968799,"M":true,"q":"916.00000000","s":"BLZBTC","a":4636899,"T":1592666595730,"e":"aggTrade","p":"0.00000357","f":5968799},{"m":false,"E":1592666595757,"l":5968800,"M":true,"q":"916.00000000","s":"BLZBTC","a":4636900,"T":1592666595730,"e":"aggTrade","p":"0.00000357","f":5968800},{"m":false,"E":1592666595757,"l":5968801,"M":true,"q":"916.00000000","s":"BLZBTC","a":4636901,"T":1592666595730,"e":"aggTrade","p":"0.00000357","f":5968801},{"m":false,"E":1592666595762,"l":5968802,"M":true,"q":"916.00000000","s":"BLZBTC","a":4636902,"T":1592666595735,"e":"aggTrade","p":"0.00000357","f":5968802},{"m":false,"E":1592666595777,"l":5968803,"M":true,"q":"2316.00000000","s":"BLZBTC","a":4636903,"T":1592666595772,"e":"aggTrade","p":"0.00000357","f":5968803},{"m":true,"E":1592666595831,"l":5968809,"M":true,"q":"2632.00000000","s":"BLZBTC","a":4636904,"T":1592666595827,"e":"aggTrade","p":"0.00000356","f":5968804},{"m":true,"E":1592666595831,"l":5968819,"M":true,"q":"23645.00000000","s":"BLZBTC","a":4636905,"T":1592666595827,"e":"aggTrade","p":"0.00000355","f":5968810},{"m":true,"E":1592666595832,"l":5968820,"M":true,"q":"1730.00000000","s":"BLZBTC","a":4636906,"T":1592666595827,"e":"aggTrade","p":"0.00000355","f":5968820},{"m":true,"E":1592666595832,"l":5968821,"M":true,"q":"5170.00000000","s":"BLZBTC","a":4636907,"T":1592666595827,"e":"aggTrade","p":"0.00000355","f":5968821},{"m":true,"E":1592666597903,"l":5968822,"M":true,"q":"129.00000000","s":"BLZBTC","a":4636908,"T":1592666597901,"e":"aggTrade","p":"0.00000356","f":5968822},{"m":true,"E":1592666597903,"l":5968823,"M":true,"q":"663.00000000","s":"BLZBTC","a":4636909,"T":1592666597901,"e":"aggTrade","p":"0.00000355","f":5968823},{"m":true,"E":1592666598236,"l":5968824,"M":true,"q":"78.00000000","s":"BLZBTC","a":4636910,"T":1592666598235,"e":"aggTrade","p":"0.00000356","f":5968824},{"m":false,"E":1592666598298,"l":5968826,"M":true,"q":"591.00000000","s":"BLZBTC","a":4636911,"T":1592666598296,"e":"aggTrade","p":"0.00000356","f":5968825},{"m":false,"E":1592666598298,"l":5968827,"M":true,"q":"396.00000000","s":"BLZBTC","a":4636912,"T":1592666598296,"e":"aggTrade","p":"0.00000357","f":5968827},{"m":true,"E":1592666598733,"l":5968829,"M":true,"q":"339.00000000","s":"BLZBTC","a":4636913,"T":1592666598731,"e":"aggTrade","p":"0.00000356","f":5968828},{"m":true,"E":1592666598733,"l":5968832,"M":true,"q":"8789.00000000","s":"BLZBTC","a":4636914,"T":1592666598731,"e":"aggTrade","p":"0.00000355","f":5968830},{"m":false,"E":1592666598955,"l":5968833,"M":true,"q":"239.00000000","s":"BLZBTC","a":4636915,"T":1592666598954,"e":"aggTrade","p":"0.00000356","f":5968833},{"m":true,"E":1592666600585,"l":5968834,"M":true,"q":"1093.00000000","s":"BLZBTC","a":4636916,"T":1592666600584,"e":"aggTrade","p":"0.00000355","f":5968834},{"m":false,"E":1592666601550,"l":5968836,"M":true,"q":"3627.00000000","s":"BLZBTC","a":4636917,"T":1592666601548,"e":"aggTrade","p":"0.00000356","f":5968835},{"m":false,"E":1592666601550,"l":5968837,"M":true,"q":"2563.00000000","s":"BLZBTC","a":4636918,"T":1592666601548,"e":"aggTrade","p":"0.00000357","f":5968837},{"m":true,"E":1592666601701,"l":5968838,"M":true,"q":"1109.00000000","s":"BLZBTC","a":4636919,"T":1592666601700,"e":"aggTrade","p":"0.00000355","f":5968838},{"m":true,"E":1592666610310,"l":5968860,"M":true,"q":"24294.00000000","s":"BLZBTC","a":4636920,"T":1592666610305,"e":"aggTrade","p":"0.00000355","f":5968839},{"m":true,"E":1592666611340,"l":5968861,"M":true,"q":"39.00000000","s":"BLZBTC","a":4636921,"T":1592666611338,"e":"aggTrade","p":"0.00000355","f":5968861},{"m":true,"E":1592666611687,"l":5968862,"M":true,"q":"33.00000000","s":"BLZBTC","a":4636922,"T":1592666611686,"e":"aggTrade","p":"0.00000355","f":5968862},{"m":false,"E":1592666611886,"l":5968863,"M":true,"q":"893.00000000","s":"BLZBTC","a":4636923,"T":1592666611885,"e":"aggTrade","p":"0.00000356","f":5968863},{"m":true,"E":1592666612778,"l":5968864,"M":true,"q":"30.00000000","s":"BLZBTC","a":4636924,"T":1592666612777,"e":"aggTrade","p":"0.00000355","f":5968864},{"m":true,"E":1592666613706,"l":5968866,"M":true,"q":"671.00000000","s":"BLZBTC","a":4636925,"T":1592666613704,"e":"aggTrade","p":"0.00000355","f":5968865},{"m":true,"E":1592666613706,"l":5968867,"M":true,"q":"1464.00000000","s":"BLZBTC","a":4636926,"T":1592666613704,"e":"aggTrade","p":"0.00000354","f":5968867},{"m":false,"E":1592666615118,"l":5968868,"M":true,"q":"411.00000000","s":"BLZBTC","a":4636927,"T":1592666615117,"e":"aggTrade","p":"0.00000355","f":5968868},{"m":false,"E":1592666615143,"l":5968869,"M":true,"q":"133.00000000","s":"BLZBTC","a":4636928,"T":1592666615141,"e":"aggTrade","p":"0.00000355","f":5968869},{"m":false,"E":1592666616849,"l":5968870,"M":true,"q":"222.00000000","s":"BLZBTC","a":4636929,"T":1592666616848,"e":"aggTrade","p":"0.00000355","f":5968870},{"m":false,"E":1592666616897,"l":5968871,"M":true,"q":"894.00000000","s":"BLZBTC","a":4636930,"T":1592666616896,"e":"aggTrade","p":"0.00000355","f":5968871},{"m":false,"E":1592666617011,"l":5968872,"M":true,"q":"65.00000000","s":"BLZBTC","a":4636931,"T":1592666617010,"e":"aggTrade","p":"0.00000355","f":5968872},{"m":true,"E":1592666617558,"l":5968873,"M":true,"q":"62.00000000","s":"BLZBTC","a":4636932,"T":1592666617556,"e":"aggTrade","p":"0.00000355","f":5968873},{"m":false,"E":1592666622744,"l":5968874,"M":true,"q":"11.00000000","s":"BLZBTC","a":4636933,"T":1592666622742,"e":"aggTrade","p":"0.00000356","f":5968874},{"m":true,"E":1592666627191,"l":5968876,"M":true,"q":"1097.00000000","s":"BLZBTC","a":4636934,"T":1592666627186,"e":"aggTrade","p":"0.00000355","f":5968875},{"m":true,"E":1592666627191,"l":5968893,"M":true,"q":"16461.00000000","s":"BLZBTC","a":4636935,"T":1592666627186,"e":"aggTrade","p":"0.00000354","f":5968877},{"m":false,"E":1592666629530,"l":5968895,"M":true,"q":"523.00000000","s":"BLZBTC","a":4636936,"T":1592666629528,"e":"aggTrade","p":"0.00000355","f":5968894},{"m":false,"E":1592666629614,"l":5968896,"M":true,"q":"149.00000000","s":"BLZBTC","a":4636937,"T":1592666629613,"e":"aggTrade","p":"0.00000355","f":5968896},{"m":true,"E":1592666630020,"l":5968897,"M":true,"q":"466.00000000","s":"BLZBTC","a":4636938,"T":1592666630019,"e":"aggTrade","p":"0.00000355","f":5968897},{"m":true,"E":1592666630020,"l":5968898,"M":true,"q":"454.00000000","s":"BLZBTC","a":4636939,"T":1592666630019,"e":"aggTrade","p":"0.00000354","f":5968898},{"m":true,"E":1592666633683,"l":5968905,"M":true,"q":"13627.00000000","s":"BLZBTC","a":4636940,"T":1592666633681,"e":"aggTrade","p":"0.00000354","f":5968899},{"m":false,"E":1592666633690,"l":5968906,"M":true,"q":"3950.00000000","s":"BLZBTC","a":4636941,"T":1592666633688,"e":"aggTrade","p":"0.00000354","f":5968906},{"m":false,"E":1592666633745,"l":5968907,"M":true,"q":"56.00000000","s":"BLZBTC","a":4636942,"T":1592666633744,"e":"aggTrade","p":"0.00000354","f":5968907},{"m":false,"E":1592666633748,"l":5968908,"M":true,"q":"21700.00000000","s":"BLZBTC","a":4636943,"T":1592666633747,"e":"aggTrade","p":"0.00000354","f":5968908},{"m":false,"E":1592666633777,"l":5968909,"M":true,"q":"2700.00000000","s":"BLZBTC","a":4636944,"T":1592666633776,"e":"aggTrade","p":"0.00000354","f":5968909},{"m":true,"E":1592666635121,"l":5968910,"M":true,"q":"3981.00000000","s":"BLZBTC","a":4636945,"T":1592666635120,"e":"aggTrade","p":"0.00000354","f":5968910},{"m":true,"E":1592666635760,"l":5968911,"M":true,"q":"6635.00000000","s":"BLZBTC","a":4636946,"T":1592666635759,"e":"aggTrade","p":"0.00000354","f":5968911},{"m":false,"E":1592666637708,"l":5968913,"M":true,"q":"672.00000000","s":"BLZBTC","a":4636947,"T":1592666637706,"e":"aggTrade","p":"0.00000355","f":5968912},{"m":false,"E":1592666637708,"l":5968917,"M":true,"q":"13003.00000000","s":"BLZBTC","a":4636948,"T":1592666637706,"e":"aggTrade","p":"0.00000356","f":5968914},{"m":false,"E":1592666640895,"l":5968918,"M":true,"q":"242.00000000","s":"BLZBTC","a":4636949,"T":1592666640894,"e":"aggTrade","p":"0.00000356","f":5968918},{"m":true,"E":1592666645299,"l":5968920,"M":true,"q":"669.00000000","s":"BLZBTC","a":4636950,"T":1592666645295,"e":"aggTrade","p":"0.00000355","f":5968919},{"m":false,"E":1592666659215,"l":5968921,"M":true,"q":"29.00000000","s":"BLZBTC","a":4636951,"T":1592666659214,"e":"aggTrade","p":"0.00000355","f":5968921},{"m":false,"E":1592666660315,"l":5968922,"M":true,"q":"29.00000000","s":"BLZBTC","a":4636952,"T":1592666660314,"e":"aggTrade","p":"0.00000355","f":5968922},{"m":false,"E":1592666672128,"l":5968928,"M":true,"q":"3890.00000000","s":"BLZBTC","a":4636953,"T":1592666672124,"e":"aggTrade","p":"0.00000356","f":5968923},{"m":false,"E":1592666672128,"l":5968939,"M":true,"q":"32734.00000000","s":"BLZBTC","a":4636954,"T":1592666672124,"e":"aggTrade","p":"0.00000357","f":5968929},{"m":true,"E":1592666672134,"l":5968940,"M":true,"q":"2570.00000000","s":"BLZBTC","a":4636955,"T":1592666672133,"e":"aggTrade","p":"0.00000357","f":5968940},{"m":true,"E":1592666678380,"l":5968942,"M":true,"q":"668.00000000","s":"BLZBTC","a":4636956,"T":1592666678378,"e":"aggTrade","p":"0.00000356","f":5968941},{"m":true,"E":1592666678380,"l":5968948,"M":true,"q":"2381.00000000","s":"BLZBTC","a":4636957,"T":1592666678378,"e":"aggTrade","p":"0.00000355","f":5968943},{"m":true,"E":1592666678380,"l":5968949,"M":true,"q":"3025.00000000","s":"BLZBTC","a":4636958,"T":1592666678378,"e":"aggTrade","p":"0.00000354","f":5968949},{"m":true,"E":1592666682413,"l":5968950,"M":true,"q":"1528.00000000","s":"BLZBTC","a":4636959,"T":1592666682411,"e":"aggTrade","p":"0.00000355","f":5968950},{"m":false,"E":1592666683741,"l":5968951,"M":true,"q":"404.00000000","s":"BLZBTC","a":4636960,"T":1592666683740,"e":"aggTrade","p":"0.00000356","f":5968951},{"m":false,"E":1592666694821,"l":5968952,"M":true,"q":"9.00000000","s":"BLZBTC","a":4636961,"T":1592666694820,"e":"aggTrade","p":"0.00000356","f":5968952},{"m":false,"E":1592666695007,"l":5968953,"M":true,"q":"351.00000000","s":"BLZBTC","a":4636962,"T":1592666695006,"e":"aggTrade","p":"0.00000355","f":5968953}]]},{"peak":"7.91974657|907,-6.01900739|1572,6.80851064|810,-3.19148936|330,3.41151386|330,-6.66311301|960,5.26038927|540,-5.20778538|300,6.49627263|480,-3.72736954|300,5.92713431|120,-11.69113649|570,3.11244980|330,-11.04417671|810,3.41280972|240,-8.69565217|1200,10.55634807|480,-3.13837375|210,4.27884615|120,-4.18269231|240,21.81000562|480,-13.60314784|330,3.58790364|120,-4.66427473|270,3.34008097|180,-12.85425101|510,4.05972935|60,-6.11292580|90,12.13017751|210,-3.10650888|60,4.55000000|90,-6.05000000|120,9.66907963|90,-9.15201655|180,16.75884956|270,-5.97345133|210,9.11161731|240,-5.58086560|330,3.05725403|150,-5.55864369|150,14.95157385|210,-6.35593220|1050,5.77965081|720,-9.27152318|180,4.85268631|120,-14.03812825|390,5.78778135|120,-15.27331190|90,23.47876005|180,-5.33869116|90,17.47759283|150,-8.13060179|150,30.72755418|1740,-15.63467492|1290,7.02005731|810,-4.36962751|210,9.54887218|390,-4.51127820|90,23.55555556|1860,-4.88888889|60,3.05676856|210,-7.77292576|210,4.75382003|90,-6.02716469|120,14.06392694|270,-4.74885845|360,12.12121212|1080,-4.78983382|2070,2.38777459|60,7.91974657|907","transactionList":[{},{},{},{},{},{},{},{},{},{},{},{},{},{},{},{},{},{},{},{},{},{},{},{},{},{},{},{},{},{},{},{},{},{},{},{},{},{},{},{},{},{},{},{},{},{},{},{},{},{},{},{},{},{},{},{},{},{},{},{},{},{},{},{},{},{},{},{},{},[]]},{"peak":"-10.55755396|11142,3.58948433|840,-10.26289181|3570,5.99384416|2730,-6.22063826|3030,17.44581766|5040,-7.39745656|2100,4.22388319|540","transactionList":[{},{},{},{},{},{},{},{}]},{"peak":"-4.47284345|138,6.16883117|40,-3.89610390|240,3.22580645|47,-7.09677419|240,7.09677419|118,-7.09677419|77,3.75000000|65,-4.68750000|102,16.31944444|387,-3.81944444|57,4.91228070|294,-6.66666667|285,7.42049470|66,-8.12720848|198,10.07194245|246,-6.47482014|105,3.49650350|78,-9.79020979|243,14.59854015|780,-3.28467153|90,3.66300366|60,-8.42490842|330,18.40000000|420,-3.20000000|120,22.27488152|2460,-11.84834123|2160,14.56310680|1500,-3.39805825|420,3.90243902|870,-12.19512195|840,5.99078341|690,-7.37327189|300,9.90566038|960,-3.77358491|270,8.37438424|1020,-4.43349754|120,7.07070707|1920,-5.55555556|2700,3.46534653|990,-6.43564356|1290,3.36538462|120,-3.84615385|570,8.54271357|1440,-8.04020101|150,6.96517413|240,-4.97512438|390,5.50000000|180,-14.50000000|480,19.89528796|2430,-9.94764398|660","transactionList":[{},{},{},{},{},{},{},{},{},{},{},{},{},{},{},{},{},{},{},{},{},{},{},{},{},{},{},{},{},{},{},{},{},{},{},{},{},{},{},{},{},{},{},{},{},{},{},{},{},{},{}]},{"peak":"5.22388060|457,-4.77611940|432,4.30906389|615,-10.10401189|756,3.63636364|177,-13.84615385|1392,4.62724936|90,-3.21336761|60,9.69945355|1590,-9.97267760|480,11.03448276|330,-13.93103448|660,5.76184379|180,-5.50576184|150,15.56802244|150,-5.04908836|240,4.60893855|300,-5.30726257|390,7.56062767|450,-14.55064194|1020,10.91160221|420,-12.43093923|1020,5.44041451|90,-3.75647668|150,3.35483871|60,-4.64516129|90,3.57598978|60,-3.70370370|30,3.57142857|30,-15.68877551|300,11.15196078|120,-11.88725490|150,3.51473923|60,-7.93650794|60,16.66666667|90,-15.07352941|450,44.23963134|180,-7.06605223|30,21.85314685|330,-5.06993007|30,12.54681648|360,-4.11985019|60,9.44881890|810,-3.54330709|180,5.41082164|390,-3.80761523|240,5.07099391|570,-15.82150101|540,13.51888668|360,-7.35586481|480,22.17194570|4500,-4.29864253|1770,4.77272727|510,-3.63636364|240,6.54205607|1560,-9.81308411|1950,3.29670330|1020,-3.73626374|180,2.60869565|480,5.22388060|457","transactionList":[{},{},{},{},{},{},{},{},{},{},{},{},{},{},{},{},{},{},{},{},{},{},{},{},{},{},{},{},{},{},{},{},{},{},{},{},{},{},{},{},{},{},{},{},{},{},{},{},{},{},{},{},{},{},{},{},{},{},{},[{"m":false,"l":460575,"M":true,"q":"36500.00000000","a":292441,"T":1592632138413,"p":"0.00000352","f":460556},{"m":false,"l":460576,"M":true,"q":"9290.00000000","a":292442,"T":1592632138744,"p":"0.00000352","f":460576},{"m":true,"l":460577,"M":true,"q":"2493.00000000","a":292443,"T":1592632179538,"p":"0.00000352","f":460577},{"m":false,"l":460581,"M":true,"q":"2793.00000000","a":292444,"T":1592632188122,"p":"0.00000353","f":460578}]]},{"peak":"3.38283828|492,-5.48679868|331,5.22633745|729,-3.20987654|258,8.33693305|87,-16.71706263|525,4.00307929|174,-5.42725173|1032,20.66079295|1230,-4.22907489|480,3.31877729|240,-4.89082969|570,13.89284021|510,-4.36225699|300,4.41176471|120,-14.84819734|2130,5.95185996|900,-9.10284464|1200,12.70343580|420,-17.54068716|930,9.01467505|570,-11.02725367|540,6.17481957|330,-6.45549318|270,25.76977736|2100,-4.92657508|1050,3.55306218|450,-7.66713417|360,10.88107848|750,-6.74049109|360,13.22778345|870,-3.83043922|240,13.25905292|1650,-4.56824513|2010,5.27201346|1710,-8.46887269|600,6.03070175|840,-3.23464912|2250,3.38283828|492","transactionList":[{},{},{},{},{},{},{},{},{},{},{},{},{},{},{},{},{},{},{},{},{},{},{},{},{},{},{},{},{},{},{},{},{},{},{},{},{},{},[{"m":true,"l":20692614,"M":true,"q":"16.13000000","a":15533732,"T":1592627225683,"p":"0.00012510","f":20692614},{"m":false,"l":20692615,"M":true,"q":"129.59000000","a":15533733,"T":1592627237001,"p":"0.00012530","f":20692615},{"m":false,"l":20692616,"M":true,"q":"1.92000000","a":15533734,"T":1592627241796,"p":"0.00012530","f":20692616},{"m":false,"l":20692617,"M":true,"q":"13.53000000","a":15533735,"T":1592627244312,"p":"0.00012530","f":20692617},{"m":false,"l":20692618,"M":true,"q":"2.40000000","a":15533736,"T":1592627297355,"p":"0.00012530","f":20692618}]]},{"peak":"-3.88739946|310,4.72972973|341,-4.05405405|63,5.47945205|194,-5.75342466|195,4.46549391|33,-5.14208390|18,18.08510638|558,-5.77507599|708,15.04132231|4893,-9.91735537|1440,7.95454545|3210,-6.81818182|960,3.45911950|150,-7.54716981|1260,5.71870170|600,-7.88253478|1440,16.13976705|2550,-3.16139767|2010,3.16139767|90,-6.98835275|450,5.06535948|240,-4.24836601|960,15.78947368|2820,-3.26678766|180,4.40366972|720,-9.35779817|570,6.42857143|1620,-12.67857143|1410,-5.44217687|426,4.35374150|111,-5.93922652|219","transactionList":[{},{},{},{},{},{},{},{},{},{},{},{},{},{},{},{},{},{},{},{},{},{},{},{},{},{},{},{},{},[{"m":true,"E":1592646573697,"l":2562021,"M":true,"q":"30006.00000000","s":"DUSKBTC","a":1500776,"T":1592646573695,"e":"aggTrade","p":"0.00000368","f":2562018},{"m":true,"E":1592646577239,"l":2562022,"M":true,"q":"21506.00000000","s":"DUSKBTC","a":1500777,"T":1592646577234,"e":"aggTrade","p":"0.00000368","f":2562022},{"m":true,"E":1592646577239,"l":2562035,"M":true,"q":"49992.00000000","s":"DUSKBTC","a":1500778,"T":1592646577234,"e":"aggTrade","p":"0.00000367","f":2562023},{"m":true,"E":1592646577239,"l":2562037,"M":true,"q":"622.00000000","s":"DUSKBTC","a":1500779,"T":1592646577234,"e":"aggTrade","p":"0.00000366","f":2562036},{"m":false,"E":1592646577245,"l":2562038,"M":true,"q":"15138.00000000","s":"DUSKBTC","a":1500780,"T":1592646577243,"e":"aggTrade","p":"0.00000367","f":2562038},{"m":false,"E":1592646577736,"l":2562039,"M":true,"q":"291.00000000","s":"DUSKBTC","a":1500781,"T":1592646577735,"e":"aggTrade","p":"0.00000369","f":2562039},{"m":false,"E":1592646583459,"l":2562041,"M":true,"q":"794.00000000","s":"DUSKBTC","a":1500782,"T":1592646583458,"e":"aggTrade","p":"0.00000368","f":2562040}],[{"m":false,"E":1592653236287,"l":2562810,"M":true,"q":"74.00000000","s":"DUSKBTC","a":1501130,"T":1592653236286,"e":"aggTrade","p":"0.00000382","f":2562810},{"m":false,"E":1592653249246,"l":2562811,"M":true,"q":"27.00000000","s":"DUSKBTC","a":1501131,"T":1592653249245,"e":"aggTrade","p":"0.00000383","f":2562811},{"m":false,"E":1592653252479,"l":2562812,"M":true,"q":"269.00000000","s":"DUSKBTC","a":1501132,"T":1592653252475,"e":"aggTrade","p":"0.00000383","f":2562812},{"m":false,"E":1592653252479,"l":2562818,"M":true,"q":"5949.00000000","s":"DUSKBTC","a":1501133,"T":1592653252475,"e":"aggTrade","p":"0.00000384","f":2562813},{"m":false,"E":1592653252479,"l":2562828,"M":true,"q":"10239.00000000","s":"DUSKBTC","a":1501134,"T":1592653252475,"e":"aggTrade","p":"0.00000385","f":2562819},{"m":true,"E":1592653255186,"l":2562829,"M":true,"q":"719.00000000","s":"DUSKBTC","a":1501135,"T":1592653255185,"e":"aggTrade","p":"0.00000384","f":2562829},{"m":true,"E":1592653256209,"l":2562830,"M":true,"q":"721.00000000","s":"DUSKBTC","a":1501136,"T":1592653256208,"e":"aggTrade","p":"0.00000383","f":2562830},{"m":false,"E":1592653265566,"l":2562831,"M":true,"q":"197.00000000","s":"DUSKBTC","a":1501137,"T":1592653265565,"e":"aggTrade","p":"0.00000384","f":2562831},{"m":true,"E":1592653282019,"l":2562832,"M":true,"q":"505.00000000","s":"DUSKBTC","a":1501138,"T":1592653282018,"e":"aggTrade","p":"0.00000382","f":2562832},{"m":false,"E":1592653290043,"l":2562833,"M":true,"q":"805.00000000","s":"DUSKBTC","a":1501139,"T":1592653290042,"e":"aggTrade","p":"0.00000384","f":2562833},{"m":false,"E":1592653295566,"l":2562834,"M":true,"q":"7478.00000000","s":"DUSKBTC","a":1501140,"T":1592653295565,"e":"aggTrade","p":"0.00000384","f":2562834},{"m":true,"E":1592653308327,"l":2562835,"M":true,"q":"968.00000000","s":"DUSKBTC","a":1501141,"T":1592653308326,"e":"aggTrade","p":"0.00000383","f":2562835},{"m":true,"E":1592653311625,"l":2562836,"M":true,"q":"4889.00000000","s":"DUSKBTC","a":1501142,"T":1592653311624,"e":"aggTrade","p":"0.00000383","f":2562836}],[{"m":true,"E":1592666347528,"l":2563695,"M":true,"q":"404.00000000","s":"DUSKBTC","a":1501603,"T":1592666347526,"e":"aggTrade","p":"0.00000362","f":2563695},{"m":true,"E":1592666397004,"l":2563696,"M":true,"q":"10333.00000000","s":"DUSKBTC","a":1501604,"T":1592666397003,"e":"aggTrade","p":"0.00000362","f":2563696},{"m":true,"E":1592666400398,"l":2563712,"M":true,"q":"55775.00000000","s":"DUSKBTC","a":1501605,"T":1592666400392,"e":"aggTrade","p":"0.00000362","f":2563697},{"m":true,"E":1592666400398,"l":2563715,"M":true,"q":"3364.00000000","s":"DUSKBTC","a":1501606,"T":1592666400392,"e":"aggTrade","p":"0.00000361","f":2563713},{"m":true,"E":1592666400398,"l":2563716,"M":true,"q":"1300.00000000","s":"DUSKBTC","a":1501607,"T":1592666400392,"e":"aggTrade","p":"0.00000361","f":2563716},{"m":false,"E":1592666419311,"l":2563717,"M":true,"q":"8.00000000","s":"DUSKBTC","a":1501608,"T":1592666419310,"e":"aggTrade","p":"0.00000363","f":2563717},{"m":false,"E":1592666419311,"l":2563718,"M":true,"q":"8984.00000000","s":"DUSKBTC","a":1501609,"T":1592666419310,"e":"aggTrade","p":"0.00000363","f":2563718},{"m":true,"E":1592666441902,"l":2563722,"M":true,"q":"16311.00000000","s":"DUSKBTC","a":1501610,"T":1592666441900,"e":"aggTrade","p":"0.00000362","f":2563719},{"m":false,"E":1592666441908,"l":2563723,"M":true,"q":"9956.00000000","s":"DUSKBTC","a":1501611,"T":1592666441907,"e":"aggTrade","p":"0.00000362","f":2563723},{"m":false,"E":1592666441908,"l":2563724,"M":true,"q":"304.00000000","s":"DUSKBTC","a":1501612,"T":1592666441907,"e":"aggTrade","p":"0.00000362","f":2563724},{"m":true,"E":1592666441949,"l":2563725,"M":true,"q":"289.00000000","s":"DUSKBTC","a":1501613,"T":1592666441948,"e":"aggTrade","p":"0.00000362","f":2563725}]]},{"peak":"4.95588998|104,-10.61883757|5609,3.50206361|870,-7.84170915|930,6.46533645|210,-9.15573132|990,11.11992192|630,-3.83066976|510,4.84109387|180,-6.46095097|930,10.78707858|330,-14.99166773|540,7.02738173|120,-8.86476168|90,16.69650850|420,-3.44033764|90,19.83109860|1620,-6.05970813|690,15.31088918|6150,-7.26481959|660,6.43330936|300,-3.58027651|2820,6.31613485|930,-18.93199902|3210,11.35944700|360,4.95588998|104","transactionList":[{},{},{},{},{},{},{},{},{},{},{},{},{},{},{},{},{},{},{},{},{},{},{},{},{},[]]},{"peak":"-3.39366516|353,5.54272517|639,-4.27251732|888,5.86166471|768,-3.51699883|690,5.87529976|1230,-3.23741007|510,4.11124547|1440,-11.72914148|1650,6.57439446|2130,-5.07497116|540,5.43981481|360,-7.75462963|960,10.96543504|5070,-3.21811681|3630,3.21811681|810,-4.05244338|990,4.05244338|1170,-3.09892729|330,8.53199498|1500,-9.41028858|2010,4.55635492|840,-3.39366516|353","transactionList":[{},{},{},{},{},{},{},{},{},{},{},{},{},{},{},{},{},{},{},{},{},{},[]]},{"peak":"6.20155039|883,-4.65116279|735,3.44827586|357,-10.72796935|1695,3.21428571|390,-9.64285714|690,9.25266904|1230,-17.43772242|120,3.77358491|240,-11.32075472|90,4.11764706|330,-22.05882353|1230,10.96256684|750,-6.41711230|390,3.37662338|60,-5.45454545|150,8.55614973|510,-6.95187166|210,7.81671159|510,-14.28571429|240,39.01639344|840,-5.24590164|90,5.94059406|180,-6.93069307|240,16.96750903|1080,-9.02527076|420,9.42028986|810,-3.26086957|270,10.03861004|870,-13.51351351|1920,5.37634409|300,-9.31899642|210,11.72161172|750,-6.95970696|930,4.65949821|900,-5.37634409|660,3.88692580|120,-11.30742049|570,4.65116279|300,-6.64451827|150,12.63157895|570,-5.26315789|570,18.11023622|1470,-3.54330709|660,5.20000000|180,-18.40000000|570,9.62962963|1020,-4.81481481|540,5.99250936|810,-5.61797753|330,4.44444444|60,-12.96296296|120,7.77385159|30,-5.30035336|120,6.20155039|883","transactionList":[{},{},{},{},{},{},{},{},{},{},{},{},{},{},{},{},{},{},{},{},{},{},{},{},{},{},{},{},{},{},{},{},{},{},{},{},{},{},{},{},{},{},{},{},{},{},{},{},{},{},{},{},{},{},[{"m":false,"l":5319930,"M":true,"q":"473079.00000000","a":3785120,"T":1592608144671,"p":"0.00000136","f":5319922},{"m":true,"l":5319931,"M":true,"q":"704.00000000","a":3785121,"T":1592608148779,"p":"0.00000136","f":5319931},{"m":false,"l":5319932,"M":true,"q":"100.00000000","a":3785122,"T":1592608168602,"p":"0.00000137","f":5319932},{"m":true,"l":5319933,"M":true,"q":"11624.00000000","a":3785123,"T":1592608190728,"p":"0.00000136","f":5319933},{"m":true,"l":5319934,"M":true,"q":"149.00000000","a":3785124,"T":1592608196057,"p":"0.00000136","f":5319934},{"m":false,"l":5320000,"M":true,"q":"605034.00000000","a":3785125,"T":1592608206454,"p":"0.00000137","f":5319935},{"m":false,"l":5320001,"M":true,"q":"145.00000000","a":3785126,"T":1592608212923,"p":"0.00000138","f":5320001},{"m":false,"l":5320002,"M":true,"q":"145.00000000","a":3785127,"T":1592608214902,"p":"0.00000138","f":5320002},{"m":false,"l":5320003,"M":true,"q":"174.00000000","a":3785128,"T":1592608215919,"p":"0.00000138","f":5320003},{"m":true,"l":5320006,"M":true,"q":"468.00000000","a":3785129,"T":1592608216473,"p":"0.00000137","f":5320004},{"m":true,"l":5320009,"M":true,"q":"30888.00000000","a":3785130,"T":1592608216473,"p":"0.00000136","f":5320007},{"m":false,"l":5320010,"M":true,"q":"88.00000000","a":3785131,"T":1592608217784,"p":"0.00000137","f":5320010},{"m":true,"l":5320011,"M":true,"q":"956.00000000","a":3785132,"T":1592608224258,"p":"0.00000136","f":5320011},{"m":false,"l":5320013,"M":true,"q":"3482.00000000","a":3785133,"T":1592608237602,"p":"0.00000137","f":5320012},{"m":false,"l":5320015,"M":true,"q":"12056.00000000","a":3785134,"T":1592608255490,"p":"0.00000137","f":5320014}]]},{"peak":"-7.24228364|2653,10.70387339|3180,-3.26947105|870,4.00587248|180,-9.14429530|1440,7.56510955|2430,-4.65068210|900,3.07410423|120,-4.09201954|540,8.67162593|5220,-9.62805526|5190,3.32532051|1020,-3.54567308|840,5.94384095|1380,-8.30088133|120,3.20312500|210,-3.78906250|780,7.92038993|330,-8.24532900|720,10.46632124|1380","transactionList":[{},{},{},{},{},{},{},{},{},{},{},{},{},{},{},{},{},{},{},{}]},{"peak":"-4.18118467|499,3.28151986|263,-3.97236615|355,4.42324371|549,-12.83607979|447,3.66533865|57,-4.22310757|147,8.45771144|129,-6.71641791|669,3.37349398|210,-15.18072289|1830,6.06508876|210,-4.21597633|330,11.47151899|690,-5.77531646|300,10.31353135|300,-3.46534653|60,5.11316010|210,-19.69823973|1110,6.25000000|270,-7.29166667|720,8.33959429|360,-5.78512397|180,3.68188513|330,-14.13843888|900,10.87267525|90,-3.93419170|60,21.99832074|540,-3.94626364|60,4.12111018|90,-4.28931876|150,11.21076233|180,-19.64125561|810,12.95512278|300,-7.19729043|180,7.83645656|150,-5.62180579|90,18.09523810|300,-5.80952381|300,5.60836502|540,-4.18250951|360,3.78787879|210,-3.69318182|300,4.78468900|150,-8.03827751|750,3.01094891|60,-10.67518248|420,3.76390077|240,-4.79041916|300,11.16152450|210,-3.72050817|90,6.82242991|270,-8.78504673|210,15.82089552|210,-4.77611940|240,8.78099174|240,-6.61157025|540,11.08719053|330,-5.48977395|960,3.59408034|90,-10.57082452|720,6.08519270|330,-5.98377282|420,3.15893386|180,-10.85883514|390,8.18882466|150,-14.45086705|210,16.35651322|210,-4.79921645|150,26.62721893|270,-3.19526627|150,12.80724450|300,-5.56274256|600,5.97402597|240,-10.00000000|270,13.08411215|240,-30.57409880|900,17.26618705|630,-10.19184652|270,5.02857143|180,-42.05714286|600,12.89736603|120,-16.71207993|570,4.13290113|30,-8.42787682|60,20.97649186|120,-5.96745027|60,12.80076997|90,-7.60346487|90,20.47413793|60,-4.31034483|30,15.23809524|120,-5.35714286|60","transactionList":[{},{},{},{},{},{},{},{},{},{},{},{},{},{},{},{},{},{},{},{},{},{},{},{},{},{},{},{},{},{},{},{},{},{},{},{},{},{},{},{},{},{},{},{},{},{},{},{},{},{},{},{},{},{},{},{},{},{},{},{},{},{},{},{},{},{},{},{},{},{},{},{},{},{},{},{},{},{},{},{},{},{},{},{},{},{},{},{},{},{},{},{},{}]},{"peak":"-3.12500000|492,3.52941176|4197,-4.70588235|2190,3.25966851|2820,-9.11602210|11430,5.50213675|3120,-5.55555556|2850,-3.12500000|492","transactionList":[{},{},{},{},{},{},{},[]]},{"peak":"-5.33305228|522,6.63679044|474,-5.91122493|1695,3.46049614|1320,-5.56597874|1290,7.47028862|840,-17.16893039|2130,3.91492565|240,-5.51477508|270,3.91102873|300,-4.43002780|120,13.61161525|450,-9.13490623|300,24.01466544|720,-14.80293309|1380,4.28809326|150,-27.58118235|8340,6.88873387|270,-4.81339379|870,7.32142857|660,-3.21428571|180,9.09777274|1260,-3.17100793|150,5.05477609|180,-6.84220642|330,4.55143878|270,-3.61105887|210,4.41622441|180,-14.48066717|810,16.17618773|630,-8.69397961|600,3.51712768|120,-17.87873237|1350","transactionList":[{},{},{},{},{},{},{},{},{},{},{},{},{},{},{},{},{},{},{},{},{},{},{},{},{},{},{},{},{},{},{},{},{}]},{"peak":"8.05687204|804,-5.21327014|492,4.38871473|534,-7.36677116|1731,3.16265060|180,-3.46385542|210,16.63837012|2070,-3.39558574|210,3.92491468|240,-7.33788396|480,3.62438221|390,-7.74299835|690,14.73684211|1950,-6.14035088|570,7.26950355|570,-5.49645390|360,3.83944154|60,-9.59860384|450,8.08950086|900,-5.33562823|120,10.66907776|1080,-5.78661844|510,7.14285714|840,-10.25641026|1140,8.27338129|360,-6.83453237|390,4.94699647|150,-8.12720848|180,25.40983607|3900,-6.76229508|1620,10.85106383|1470,-3.82978723|180,4.27350427|180,-4.48717949|420,6.07375271|120,-8.67678959|120,3.08641975|240,-3.90946502|180,7.44680851|900,-7.23404255|450,10.28446389|1020,-6.34573304|630,8.05687204|804","transactionList":[{},{},{},{},{},{},{},{},{},{},{},{},{},{},{},{},{},{},{},{},{},{},{},{},{},{},{},{},{},{},{},{},{},{},{},{},{},{},{},{},{},{},[]]},{"peak":"-8.06363735|17790,4.99735310|3090,-5.24086818|3000","transactionList":[{},{},{}]},{"peak":"3.89321468|330,-4.00444939|95,3.65853659|230,-3.43680710|42,6.76167690|227,-3.45365651|392,12.44911805|2409,-4.00271370|1740,6.02881844|1050,-4.19596542|570,4.18395574|330,-12.45965883|3000,4.72255018|360,-3.67070946|300,6.44699140|840,-6.48005290|210,3.10532494|60,-4.17244691|120,6.51391162|60,-13.32242226|90,5.12145749|450,-4.71659919|510,5.45306289|300,-3.20048925|90,11.47198062|870,-6.11031597|540,14.62892483|3090,-3.43720266|300,7.44996294|3690,-4.75660983|1830,6.42650935|2250,-8.05824024|240,5.60598626|930,-7.54416094|2400,3.89321468|330,-7.41244119|251","transactionList":[{},{},{},{},{},{},{},{},{},{},{},{},{},{},{},{},{},{},{},{},{},{},{},{},{},{},{},{},{},{},{},{},{},{},[{"m":false,"l":5165900,"M":true,"q":"2.00000000","a":3865280,"T":1592636723637,"p":"0.00005137","f":5165900}],[{"m":false,"E":1592651752496,"l":5166817,"M":true,"q":"41.00000000","s":"TOMOBTC","a":3866031,"T":1592651751317,"e":"aggTrade","p":"0.00005021","f":5166810},{"m":false,"E":1592651752496,"l":5166818,"M":true,"q":"3.00000000","s":"TOMOBTC","a":3866032,"T":1592651751317,"e":"aggTrade","p":"0.00005022","f":5166818},{"m":true,"E":1592651759200,"l":5166819,"M":true,"q":"2546.00000000","s":"TOMOBTC","a":3866033,"T":1592651757969,"e":"aggTrade","p":"0.00005004","f":5166819},{"m":true,"E":1592651759622,"l":5166820,"M":true,"q":"200.00000000","s":"TOMOBTC","a":3866034,"T":1592651758481,"e":"aggTrade","p":"0.00005004","f":5166820},{"m":true,"E":1592651760518,"l":5166821,"M":true,"q":"175.00000000","s":"TOMOBTC","a":3866035,"T":1592651759507,"e":"aggTrade","p":"0.00005003","f":5166821},{"m":true,"E":1592651760518,"l":5166822,"M":true,"q":"820.00000000","s":"TOMOBTC","a":3866036,"T":1592651759507,"e":"aggTrade","p":"0.00005001","f":5166822},{"m":true,"E":1592651761611,"l":5166823,"M":true,"q":"216.00000000","s":"TOMOBTC","a":3866037,"T":1592651760743,"e":"aggTrade","p":"0.00005005","f":5166823},{"m":true,"E":1592651761648,"l":5166824,"M":true,"q":"56.00000000","s":"TOMOBTC","a":3866038,"T":1592651760798,"e":"aggTrade","p":"0.00005005","f":5166824},{"m":true,"E":1592651761648,"l":5166825,"M":true,"q":"1.00000000","s":"TOMOBTC","a":3866039,"T":1592651760798,"e":"aggTrade","p":"0.00005001","f":5166825},{"m":true,"E":1592651761652,"l":5166826,"M":true,"q":"304.00000000","s":"TOMOBTC","a":3866040,"T":1592651760800,"e":"aggTrade","p":"0.00005001","f":5166826},{"m":true,"E":1592651761688,"l":5166827,"M":true,"q":"875.00000000","s":"TOMOBTC","a":3866041,"T":1592651760830,"e":"aggTrade","p":"0.00005001","f":5166827},{"m":true,"E":1592651761688,"l":5166828,"M":true,"q":"33.00000000","s":"TOMOBTC","a":3866042,"T":1592651760830,"e":"aggTrade","p":"0.00005000","f":5166828},{"m":true,"E":1592651761986,"l":5166829,"M":true,"q":"2200.00000000","s":"TOMOBTC","a":3866043,"T":1592651761150,"e":"aggTrade","p":"0.00005000","f":5166829},{"m":true,"E":1592651762000,"l":5166830,"M":true,"q":"420.00000000","s":"TOMOBTC","a":3866044,"T":1592651761168,"e":"aggTrade","p":"0.00005000","f":5166830},{"m":true,"E":1592651762481,"l":5166831,"M":true,"q":"2061.00000000","s":"TOMOBTC","a":3866045,"T":1592651761653,"e":"aggTrade","p":"0.00005000","f":5166831},{"m":true,"E":1592651762483,"l":5166832,"M":true,"q":"4683.00000000","s":"TOMOBTC","a":3866046,"T":1592651761654,"e":"aggTrade","p":"0.00005000","f":5166832},{"m":true,"E":1592651762492,"l":5166833,"M":true,"q":"496.00000000","s":"TOMOBTC","a":3866047,"T":1592651761665,"e":"aggTrade","p":"0.00005000","f":5166833},{"m":true,"E":1592651762537,"l":5166834,"M":true,"q":"99.00000000","s":"TOMOBTC","a":3866048,"T":1592651761712,"e":"aggTrade","p":"0.00005000","f":5166834},{"m":true,"E":1592651762540,"l":5166835,"M":true,"q":"278.00000000","s":"TOMOBTC","a":3866049,"T":1592651761715,"e":"aggTrade","p":"0.00005000","f":5166835},{"m":true,"E":1592651762558,"l":5166836,"M":true,"q":"651.00000000","s":"TOMOBTC","a":3866050,"T":1592651761730,"e":"aggTrade","p":"0.00005000","f":5166836},{"m":true,"E":1592651762558,"l":5166838,"M":true,"q":"1444.00000000","s":"TOMOBTC","a":3866051,"T":1592651761730,"e":"aggTrade","p":"0.00004998","f":5166837},{"m":true,"E":1592651762558,"l":5166839,"M":true,"q":"3.00000000","s":"TOMOBTC","a":3866052,"T":1592651761730,"e":"aggTrade","p":"0.00004991","f":5166839},{"m":true,"E":1592651763661,"l":5166840,"M":true,"q":"262.00000000","s":"TOMOBTC","a":3866053,"T":1592651762744,"e":"aggTrade","p":"0.00004986","f":5166840},{"m":true,"E":1592651763661,"l":5166841,"M":true,"q":"655.00000000","s":"TOMOBTC","a":3866054,"T":1592651762744,"e":"aggTrade","p":"0.00004985","f":5166841},{"m":true,"E":1592651763661,"l":5166843,"M":true,"q":"570.00000000","s":"TOMOBTC","a":3866055,"T":1592651762744,"e":"aggTrade","p":"0.00004979","f":5166842},{"m":true,"E":1592651764839,"l":5166844,"M":true,"q":"3.00000000","s":"TOMOBTC","a":3866056,"T":1592651764124,"e":"aggTrade","p":"0.00004977","f":5166844},{"m":false,"E":1592651765140,"l":5166845,"M":true,"q":"43.00000000","s":"TOMOBTC","a":3866057,"T":1592651764465,"e":"aggTrade","p":"0.00004995","f":5166845},{"m":true,"E":1592651765308,"l":5166846,"M":true,"q":"3.00000000","s":"TOMOBTC","a":3866058,"T":1592651764647,"e":"aggTrade","p":"0.00004976","f":5166846},{"m":true,"E":1592651765308,"l":5166850,"M":true,"q":"114.00000000","s":"TOMOBTC","a":3866059,"T":1592651764647,"e":"aggTrade","p":"0.00004975","f":5166847},{"m":true,"E":1592651765308,"l":5166852,"M":true,"q":"29.00000000","s":"TOMOBTC","a":3866060,"T":1592651764647,"e":"aggTrade","p":"0.00004974","f":5166851},{"m":true,"E":1592651765308,"l":5166853,"M":true,"q":"5.00000000","s":"TOMOBTC","a":3866061,"T":1592651764647,"e":"aggTrade","p":"0.00004973","f":5166853},{"m":true,"E":1592651765313,"l":5166854,"M":true,"q":"5.00000000","s":"TOMOBTC","a":3866062,"T":1592651764652,"e":"aggTrade","p":"0.00004972","f":5166854},{"m":true,"E":1592651765313,"l":5166856,"M":true,"q":"266.00000000","s":"TOMOBTC","a":3866063,"T":1592651764652,"e":"aggTrade","p":"0.00004971","f":5166855},{"m":true,"E":1592651765765,"l":5166857,"M":true,"q":"197.00000000","s":"TOMOBTC","a":3866064,"T":1592651765125,"e":"aggTrade","p":"0.00004971","f":5166857},{"m":true,"E":1592651765765,"l":5166860,"M":true,"q":"823.00000000","s":"TOMOBTC","a":3866065,"T":1592651765125,"e":"aggTrade","p":"0.00004970","f":5166858},{"m":true,"E":1592651766368,"l":5166861,"M":true,"q":"17.00000000","s":"TOMOBTC","a":3866066,"T":1592651765815,"e":"aggTrade","p":"0.00004967","f":5166861},{"m":true,"E":1592651766645,"l":5166862,"M":true,"q":"7.00000000","s":"TOMOBTC","a":3866067,"T":1592651766129,"e":"aggTrade","p":"0.00004966","f":5166862},{"m":true,"E":1592651767244,"l":5166863,"M":true,"q":"3.00000000","s":"TOMOBTC","a":3866068,"T":1592651766795,"e":"aggTrade","p":"0.00004963","f":5166863},{"m":true,"E":1592651767244,"l":5166864,"M":true,"q":"45.00000000","s":"TOMOBTC","a":3866069,"T":1592651766795,"e":"aggTrade","p":"0.00004961","f":5166864},{"m":true,"E":1592651767244,"l":5166866,"M":true,"q":"13.00000000","s":"TOMOBTC","a":3866070,"T":1592651766795,"e":"aggTrade","p":"0.00004960","f":5166865},{"m":true,"E":1592651767244,"l":5166867,"M":true,"q":"9.00000000","s":"TOMOBTC","a":3866071,"T":1592651766795,"e":"aggTrade","p":"0.00004959","f":5166867},{"m":false,"E":1592651767310,"l":5166868,"M":true,"q":"4.00000000","s":"TOMOBTC","a":3866072,"T":1592651766861,"e":"aggTrade","p":"0.00004967","f":5166868},{"m":true,"E":1592651768088,"l":5166869,"M":true,"q":"21.00000000","s":"TOMOBTC","a":3866073,"T":1592651767633,"e":"aggTrade","p":"0.00004959","f":5166869},{"m":true,"E":1592651768088,"l":5166871,"M":true,"q":"34.00000000","s":"TOMOBTC","a":3866074,"T":1592651767633,"e":"aggTrade","p":"0.00004958","f":5166870},{"m":true,"E":1592651768096,"l":5166872,"M":true,"q":"55.00000000","s":"TOMOBTC","a":3866075,"T":1592651767641,"e":"aggTrade","p":"0.00004958","f":5166872},{"m":true,"E":1592651768096,"l":5166873,"M":true,"q":"40.00000000","s":"TOMOBTC","a":3866076,"T":1592651767641,"e":"aggTrade","p":"0.00004957","f":5166873},{"m":true,"E":1592651768096,"l":5166874,"M":true,"q":"13.00000000","s":"TOMOBTC","a":3866077,"T":1592651767641,"e":"aggTrade","p":"0.00004955","f":5166874},{"m":true,"E":1592651768097,"l":5166875,"M":true,"q":"43.00000000","s":"TOMOBTC","a":3866078,"T":1592651767641,"e":"aggTrade","p":"0.00004955","f":5166875},{"m":true,"E":1592651768097,"l":5166878,"M":true,"q":"57.00000000","s":"TOMOBTC","a":3866079,"T":1592651767641,"e":"aggTrade","p":"0.00004954","f":5166876},{"m":false,"E":1592651768102,"l":5166879,"M":true,"q":"25.00000000","s":"TOMOBTC","a":3866080,"T":1592651767649,"e":"aggTrade","p":"0.00004954","f":5166879},{"m":true,"E":1592651768603,"l":5166881,"M":true,"q":"213.00000000","s":"TOMOBTC","a":3866081,"T":1592651768110,"e":"aggTrade","p":"0.00004953","f":5166880},{"m":true,"E":1592651768841,"l":5166882,"M":true,"q":"42.00000000","s":"TOMOBTC","a":3866082,"T":1592651768297,"e":"aggTrade","p":"0.00004953","f":5166882},{"m":true,"E":1592651768853,"l":5166883,"M":true,"q":"192.00000000","s":"TOMOBTC","a":3866083,"T":1592651768307,"e":"aggTrade","p":"0.00004953","f":5166883},{"m":true,"E":1592651769365,"l":5166884,"M":true,"q":"3.00000000","s":"TOMOBTC","a":3866084,"T":1592651768646,"e":"aggTrade","p":"0.00004952","f":5166884},{"m":true,"E":1592651769365,"l":5166885,"M":true,"q":"73.00000000","s":"TOMOBTC","a":3866085,"T":1592651768646,"e":"aggTrade","p":"0.00004950","f":5166885},{"m":true,"E":1592651769367,"l":5166888,"M":true,"q":"141.00000000","s":"TOMOBTC","a":3866086,"T":1592651768646,"e":"aggTrade","p":"0.00004950","f":5166886},{"m":true,"E":1592651769367,"l":5166892,"M":true,"q":"473.00000000","s":"TOMOBTC","a":3866087,"T":1592651768646,"e":"aggTrade","p":"0.00004947","f":5166889},{"m":true,"E":1592651769367,"l":5166895,"M":true,"q":"261.00000000","s":"TOMOBTC","a":3866088,"T":1592651768646,"e":"aggTrade","p":"0.00004945","f":5166893},{"m":false,"E":1592651769379,"l":5166896,"M":true,"q":"13.00000000","s":"TOMOBTC","a":3866089,"T":1592651768657,"e":"aggTrade","p":"0.00004945","f":5166896},{"m":false,"E":1592651769972,"l":5166897,"M":true,"q":"20.00000000","s":"TOMOBTC","a":3866090,"T":1592651769169,"e":"aggTrade","p":"0.00004945","f":5166897},{"m":true,"E":1592651770403,"l":5166898,"M":true,"q":"5.00000000","s":"TOMOBTC","a":3866091,"T":1592651769646,"e":"aggTrade","p":"0.00004944","f":5166898},{"m":true,"E":1592651770403,"l":5166899,"M":true,"q":"26.00000000","s":"TOMOBTC","a":3866092,"T":1592651769646,"e":"aggTrade","p":"0.00004943","f":5166899},{"m":true,"E":1592651770405,"l":5166902,"M":true,"q":"588.00000000","s":"TOMOBTC","a":3866093,"T":1592651769646,"e":"aggTrade","p":"0.00004943","f":5166900},{"m":true,"E":1592651770405,"l":5166904,"M":true,"q":"551.00000000","s":"TOMOBTC","a":3866094,"T":1592651769646,"e":"aggTrade","p":"0.00004942","f":5166903},{"m":true,"E":1592651770410,"l":5166907,"M":true,"q":"125.00000000","s":"TOMOBTC","a":3866095,"T":1592651769649,"e":"aggTrade","p":"0.00004942","f":5166905},{"m":true,"E":1592651770410,"l":5166909,"M":true,"q":"464.00000000","s":"TOMOBTC","a":3866096,"T":1592651769649,"e":"aggTrade","p":"0.00004941","f":5166908},{"m":true,"E":1592651770449,"l":5166911,"M":true,"q":"32.00000000","s":"TOMOBTC","a":3866097,"T":1592651769686,"e":"aggTrade","p":"0.00004940","f":5166910},{"m":true,"E":1592651770449,"l":5166914,"M":true,"q":"114.00000000","s":"TOMOBTC","a":3866098,"T":1592651769686,"e":"aggTrade","p":"0.00004935","f":5166912},{"m":true,"E":1592651770449,"l":5166916,"M":true,"q":"16.00000000","s":"TOMOBTC","a":3866099,"T":1592651769686,"e":"aggTrade","p":"0.00004934","f":5166915},{"m":true,"E":1592651770449,"l":5166917,"M":true,"q":"3.00000000","s":"TOMOBTC","a":3866100,"T":1592651769686,"e":"aggTrade","p":"0.00004933","f":5166917}