[{"peak":"","transactionList":[]},{"peak":"-7.87853047|2490,3.27033340|1290,-6.48127874|2370,5.56163784|4620,-5.19310495|3120,5.58586079|5220,-8.69272237|5130,13.20754717|5532,13.20754717|5532,-3.27868852|227,6.47540984|493,-6.54090629|746","transactionList":[{},{},{},{},{},{},{},{},[{"m":false,"l":22512597,"M":true,"q":"437.00000000","a":19004420,"T":1593619862368,"p":"0.00002515","f":22512597},{"m":true,"l":22512598,"M":true,"q":"1442.00000000","a":19004421,"T":1593619904614,"p":"0.00002516","f":22512598},{"m":false,"l":22512600,"M":true,"q":"104.00000000","a":19004422,"T":1593619908209,"p":"0.00002517","f":22512599},{"m":true,"l":22512601,"M":true,"q":"110.00000000","a":19004423,"T":1593619908275,"p":"0.00002517","f":22512601},{"m":true,"l":22512602,"M":true,"q":"141.00000000","a":19004424,"T":1593619908554,"p":"0.00002514","f":22512602},{"m":true,"l":22512603,"M":true,"q":"5.00000000","a":19004425,"T":1593619908567,"p":"0.00002514","f":22512603},{"m":true,"l":22512604,"M":true,"q":"49.00000000","a":19004426,"T":1593619908572,"p":"0.00002514","f":22512604},{"m":false,"l":22512605,"M":true,"q":"7.00000000","a":19004427,"T":1593619914594,"p":"0.00002515","f":22512605},{"m":true,"l":22512606,"M":true,"q":"33.00000000","a":19004428,"T":1593619918166,"p":"0.00002514","f":22512606},{"m":false,"l":22512607,"M":true,"q":"40.00000000","a":19004429,"T":1593619918891,"p":"0.00002518","f":22512607},{"m":false,"l":22512608,"M":true,"q":"920.00000000","a":19004430,"T":1593619939060,"p":"0.00002518","f":22512608},{"m":false,"l":22512610,"M":true,"q":"2168.00000000","a":19004431,"T":1593619939060,"p":"0.00002519","f":22512609},{"m":false,"l":22512613,"M":true,"q":"71.00000000","a":19004432,"T":1593619939060,"p":"0.00002520","f":22512611},{"m":false,"l":22512617,"M":true,"q":"1003.00000000","a":19004433,"T":1593619939060,"p":"0.00002521","f":22512614},{"m":false,"l":22512622,"M":true,"q":"520.00000000","a":19004434,"T":1593619939060,"p":"0.00002522","f":22512618},{"m":false,"l":22512623,"M":true,"q":"8.00000000","a":19004435,"T":1593619941156,"p":"0.00002522","f":22512623},{"m":false,"l":22512624,"M":true,"q":"20.00000000","a":19004436,"T":1593619949628,"p":"0.00002522","f":22512624},{"m":false,"l":22512628,"M":true,"q":"119.00000000","a":19004437,"T":1593619977204,"p":"0.00002522","f":22512625},{"m":false,"l":22512629,"M":true,"q":"8.00000000","a":19004438,"T":1593619977219,"p":"0.00002522","f":22512629},{"m":false,"l":22512630,"M":true,"q":"8.00000000","a":19004439,"T":1593619979871,"p":"0.00002522","f":22512630}],[{"m":false,"E":1593633502610,"l":22513673,"M":true,"q":"1360.00000000","s":"IOTABTC","a":19005112,"T":1593633502609,"e":"aggTrade","p":"0.00002462","f":22513673},{"m":true,"E":1593633507422,"l":22513674,"M":true,"q":"5.00000000","s":"IOTABTC","a":19005113,"T":1593633507421,"e":"aggTrade","p":"0.00002461","f":22513674},{"m":true,"E":1593633507422,"l":22513675,"M":true,"q":"5.00000000","s":"IOTABTC","a":19005114,"T":1593633507421,"e":"aggTrade","p":"0.00002460","f":22513675},{"m":false,"E":1593633507572,"l":22513676,"M":true,"q":"420.00000000","s":"IOTABTC","a":19005115,"T":1593633507570,"e":"aggTrade","p":"0.00002460","f":22513676},{"m":true,"E":1593633518384,"l":22513677,"M":true,"q":"5.00000000","s":"IOTABTC","a":19005116,"T":1593633518382,"e":"aggTrade","p":"0.00002460","f":22513677},{"m":true,"E":1593633519181,"l":22513684,"M":true,"q":"1138.00000000","s":"IOTABTC","a":19005117,"T":1593633519178,"e":"aggTrade","p":"0.00002459","f":22513678},{"m":true,"E":1593633519505,"l":22513691,"M":true,"q":"405.00000000","s":"IOTABTC","a":19005118,"T":1593633519504,"e":"aggTrade","p":"0.00002458","f":22513685},{"m":true,"E":1593633519700,"l":22513693,"M":true,"q":"2279.00000000","s":"IOTABTC","a":19005119,"T":1593633519699,"e":"aggTrade","p":"0.00002457","f":22513692},{"m":true,"E":1593633519969,"l":22513694,"M":true,"q":"151.00000000","s":"IOTABTC","a":19005120,"T":1593633519968,"e":"aggTrade","p":"0.00002457","f":22513694},{"m":true,"E":1593633519990,"l":22513695,"M":true,"q":"96.00000000","s":"IOTABTC","a":19005121,"T":1593633519988,"e":"aggTrade","p":"0.00002457","f":22513695},{"m":true,"E":1593633520376,"l":22513701,"M":true,"q":"4070.00000000","s":"IOTABTC","a":19005122,"T":1593633520374,"e":"aggTrade","p":"0.00002457","f":22513696},{"m":true,"E":1593633520522,"l":22513702,"M":true,"q":"13.00000000","s":"IOTABTC","a":19005123,"T":1593633520520,"e":"aggTrade","p":"0.00002456","f":22513702},{"m":true,"E":1593633520522,"l":22513708,"M":true,"q":"6150.00000000","s":"IOTABTC","a":19005124,"T":1593633520520,"e":"aggTrade","p":"0.00002455","f":22513703},{"m":true,"E":1593633520522,"l":22513709,"M":true,"q":"2954.00000000","s":"IOTABTC","a":19005125,"T":1593633520520,"e":"aggTrade","p":"0.00002454","f":22513709},{"m":true,"E":1593633521564,"l":22513714,"M":true,"q":"45897.00000000","s":"IOTABTC","a":19005126,"T":1593633521563,"e":"aggTrade","p":"0.00002454","f":22513710},{"m":true,"E":1593633522576,"l":22513717,"M":true,"q":"219.00000000","s":"IOTABTC","a":19005127,"T":1593633522574,"e":"aggTrade","p":"0.00002453","f":22513715},{"m":true,"E":1593633522576,"l":22513726,"M":true,"q":"2231.00000000","s":"IOTABTC","a":19005128,"T":1593633522574,"e":"aggTrade","p":"0.00002452","f":22513718},{"m":true,"E":1593633523681,"l":22513731,"M":true,"q":"4102.00000000","s":"IOTABTC","a":19005129,"T":1593633523679,"e":"aggTrade","p":"0.00002451","f":22513727},{"m":true,"E":1593633523681,"l":22513741,"M":true,"q":"1172.00000000","s":"IOTABTC","a":19005130,"T":1593633523679,"e":"aggTrade","p":"0.00002450","f":22513732},{"m":true,"E":1593633523824,"l":22513743,"M":true,"q":"530.00000000","s":"IOTABTC","a":19005131,"T":1593633523822,"e":"aggTrade","p":"0.00002449","f":22513742},{"m":true,"E":1593633523824,"l":22513745,"M":true,"q":"125.00000000","s":"IOTABTC","a":19005132,"T":1593633523822,"e":"aggTrade","p":"0.00002449","f":22513744},{"m":true,"E":1593633523824,"l":22513748,"M":true,"q":"125.00000000","s":"IOTABTC","a":19005133,"T":1593633523822,"e":"aggTrade","p":"0.00002449","f":22513746},{"m":true,"E":1593633523824,"l":22513749,"M":true,"q":"153.00000000","s":"IOTABTC","a":19005134,"T":1593633523822,"e":"aggTrade","p":"0.00002449","f":22513749},{"m":true,"E":1593633523824,"l":22513751,"M":true,"q":"90.00000000","s":"IOTABTC","a":19005135,"T":1593633523822,"e":"aggTrade","p":"0.00002449","f":22513750},{"m":true,"E":1593633523824,"l":22513752,"M":true,"q":"10.00000000","s":"IOTABTC","a":19005136,"T":1593633523822,"e":"aggTrade","p":"0.00002448","f":22513752},{"m":true,"E":1593633523859,"l":22513761,"M":true,"q":"311.00000000","s":"IOTABTC","a":19005137,"T":1593633523857,"e":"aggTrade","p":"0.00002448","f":22513753},{"m":true,"E":1593633524103,"l":22513766,"M":true,"q":"138.00000000","s":"IOTABTC","a":19005138,"T":1593633524101,"e":"aggTrade","p":"0.00002447","f":22513762},{"m":true,"E":1593633524103,"l":22513772,"M":true,"q":"383.00000000","s":"IOTABTC","a":19005139,"T":1593633524101,"e":"aggTrade","p":"0.00002446","f":22513767},{"m":true,"E":1593633524123,"l":22513777,"M":true,"q":"1404.00000000","s":"IOTABTC","a":19005140,"T":1593633524121,"e":"aggTrade","p":"0.00002445","f":22513773},{"m":true,"E":1593633524123,"l":22513786,"M":true,"q":"1198.00000000","s":"IOTABTC","a":19005141,"T":1593633524121,"e":"aggTrade","p":"0.00002444","f":22513778},{"m":true,"E":1593633524123,"l":22513788,"M":true,"q":"90.00000000","s":"IOTABTC","a":19005142,"T":1593633524121,"e":"aggTrade","p":"0.00002443","f":22513787},{"m":true,"E":1593633524124,"l":22513790,"M":true,"q":"937.00000000","s":"IOTABTC","a":19005143,"T":1593633524121,"e":"aggTrade","p":"0.00002443","f":22513789},{"m":true,"E":1593633524124,"l":22513795,"M":true,"q":"60.00000000","s":"IOTABTC","a":19005144,"T":1593633524121,"e":"aggTrade","p":"0.00002442","f":22513791},{"m":true,"E":1593633524124,"l":22513802,"M":true,"q":"3876.00000000","s":"IOTABTC","a":19005145,"T":1593633524121,"e":"aggTrade","p":"0.00002441","f":22513796},{"m":false,"E":1593633524713,"l":22513803,"M":true,"q":"150.00000000","s":"IOTABTC","a":19005146,"T":1593633524712,"e":"aggTrade","p":"0.00002444","f":22513803},{"m":true,"E":1593633524734,"l":22513804,"M":true,"q":"1325.00000000","s":"IOTABTC","a":19005147,"T":1593633524732,"e":"aggTrade","p":"0.00002444","f":22513804},{"m":false,"E":1593633524799,"l":22513805,"M":true,"q":"5.00000000","s":"IOTABTC","a":19005148,"T":1593633524798,"e":"aggTrade","p":"0.00002445","f":22513805},{"m":true,"E":1593633526249,"l":22513806,"M":true,"q":"82.00000000","s":"IOTABTC","a":19005149,"T":1593633526248,"e":"aggTrade","p":"0.00002441","f":22513806},{"m":true,"E":1593633527501,"l":22513809,"M":true,"q":"1268.00000000","s":"IOTABTC","a":19005150,"T":1593633527500,"e":"aggTrade","p":"0.00002441","f":22513807},{"m":true,"E":1593633527503,"l":22513817,"M":true,"q":"653.00000000","s":"IOTABTC","a":19005151,"T":1593633527502,"e":"aggTrade","p":"0.00002441","f":22513810},{"m":false,"E":1593633527581,"l":22513818,"M":true,"q":"594.00000000","s":"IOTABTC","a":19005152,"T":1593633527579,"e":"aggTrade","p":"0.00002441","f":22513818},{"m":false,"E":1593633527738,"l":22513819,"M":true,"q":"24.00000000","s":"IOTABTC","a":19005153,"T":1593633527737,"e":"aggTrade","p":"0.00002441","f":22513819},{"m":true,"E":1593633527848,"l":22513822,"M":true,"q":"72.00000000","s":"IOTABTC","a":19005154,"T":1593633527847,"e":"aggTrade","p":"0.00002440","f":22513820},{"m":true,"E":1593633527848,"l":22513826,"M":true,"q":"300.00000000","s":"IOTABTC","a":19005155,"T":1593633527847,"e":"aggTrade","p":"0.00002440","f":22513823},{"m":true,"E":1593633527849,"l":22513830,"M":true,"q":"1740.00000000","s":"IOTABTC","a":19005156,"T":1593633527847,"e":"aggTrade","p":"0.00002440","f":22513827},{"m":true,"E":1593633527855,"l":22513831,"M":true,"q":"197.00000000","s":"IOTABTC","a":19005157,"T":1593633527853,"e":"aggTrade","p":"0.00002440","f":22513831},{"m":false,"E":1593633528011,"l":22513832,"M":true,"q":"12.00000000","s":"IOTABTC","a":19005158,"T":1593633528010,"e":"aggTrade","p":"0.00002441","f":22513832},{"m":false,"E":1593633528219,"l":22513833,"M":true,"q":"262.00000000","s":"IOTABTC","a":19005159,"T":1593633528218,"e":"aggTrade","p":"0.00002441","f":22513833},{"m":false,"E":1593633528803,"l":22513834,"M":true,"q":"15.00000000","s":"IOTABTC","a":19005160,"T":1593633528802,"e":"aggTrade","p":"0.00002441","f":22513834},{"m":false,"E":1593633530252,"l":22513835,"M":true,"q":"20.00000000","s":"IOTABTC","a":19005161,"T":1593633530251,"e":"aggTrade","p":"0.00002441","f":22513835},{"m":false,"E":1593633530284,"l":22513836,"M":true,"q":"1991.00000000","s":"IOTABTC","a":19005162,"T":1593633530283,"e":"aggTrade","p":"0.00002441","f":22513836},{"m":true,"E":1593633531749,"l":22513837,"M":true,"q":"464.00000000","s":"IOTABTC","a":19005163,"T":1593633531748,"e":"aggTrade","p":"0.00002440","f":22513837},{"m":false,"E":1593633531875,"l":22513838,"M":true,"q":"5.00000000","s":"IOTABTC","a":19005164,"T":1593633531873,"e":"aggTrade","p":"0.00002442","f":22513838},{"m":true,"E":1593633534514,"l":22513839,"M":true,"q":"5.00000000","s":"IOTABTC","a":19005165,"T":1593633534512,"e":"aggTrade","p":"0.00002441","f":22513839},{"m":true,"E":1593633534514,"l":22513846,"M":true,"q":"2151.00000000","s":"IOTABTC","a":19005166,"T":1593633534512,"e":"aggTrade","p":"0.00002440","f":22513840},{"m":true,"E":1593633534590,"l":22513848,"M":true,"q":"619.00000000","s":"IOTABTC","a":19005167,"T":1593633534589,"e":"aggTrade","p":"0.00002440","f":22513847},{"m":false,"E":1593633535741,"l":22513849,"M":true,"q":"53.00000000","s":"IOTABTC","a":19005168,"T":1593633535740,"e":"aggTrade","p":"0.00002442","f":22513849},{"m":true,"E":1593633536767,"l":22513850,"M":true,"q":"5.00000000","s":"IOTABTC","a":19005169,"T":1593633536766,"e":"aggTrade","p":"0.00002441","f":22513850},{"m":true,"E":1593633536767,"l":22513851,"M":true,"q":"96.00000000","s":"IOTABTC","a":19005170,"T":1593633536766,"e":"aggTrade","p":"0.00002440","f":22513851},{"m":false,"E":1593633541383,"l":22513852,"M":true,"q":"5845.00000000","s":"IOTABTC","a":19005171,"T":1593633541382,"e":"aggTrade","p":"0.00002441","f":22513852},{"m":true,"E":1593633541427,"l":22513854,"M":true,"q":"643.00000000","s":"IOTABTC","a":19005172,"T":1593633541423,"e":"aggTrade","p":"0.00002440","f":22513853},{"m":true,"E":1593633541427,"l":22513860,"M":true,"q":"179.00000000","s":"IOTABTC","a":19005173,"T":1593633541423,"e":"aggTrade","p":"0.00002439","f":22513855},{"m":true,"E":1593633541427,"l":22513864,"M":true,"q":"288.00000000","s":"IOTABTC","a":19005174,"T":1593633541423,"e":"aggTrade","p":"0.00002438","f":22513861},{"m":true,"E":1593633541427,"l":22513867,"M":true,"q":"259.00000000","s":"IOTABTC","a":19005175,"T":1593633541423,"e":"aggTrade","p":"0.00002437","f":22513865},{"m":true,"E":1593633541427,"l":22513871,"M":true,"q":"184.00000000","s":"IOTABTC","a":19005176,"T":1593633541423,"e":"aggTrade","p":"0.00002436","f":22513868},{"m":true,"E":1593633541427,"l":22513878,"M":true,"q":"314.00000000","s":"IOTABTC","a":19005177,"T":1593633541423,"e":"aggTrade","p":"0.00002435","f":22513872},{"m":false,"E":1593633541772,"l":22513879,"M":true,"q":"531.00000000","s":"IOTABTC","a":19005178,"T":1593633541771,"e":"aggTrade","p":"0.00002440","f":22513879},{"m":false,"E":1593633542812,"l":22513881,"M":true,"q":"204.00000000","s":"IOTABTC","a":19005179,"T":1593633542810,"e":"aggTrade","p":"0.00002449","f":22513880},{"m":false,"E":1593633542812,"l":22513882,"M":true,"q":"1201.00000000","s":"IOTABTC","a":19005180,"T":1593633542810,"e":"aggTrade","p":"0.00002449","f":22513882},{"m":false,"E":1593633543584,"l":22513883,"M":true,"q":"201.00000000","s":"IOTABTC","a":19005181,"T":1593633543583,"e":"aggTrade","p":"0.00002444","f":22513883},{"m":false,"E":1593633545730,"l":22513885,"M":true,"q":"24.00000000","s":"IOTABTC","a":19005182,"T":1593633545729,"e":"aggTrade","p":"0.00002444","f":22513884},{"m":true,"E":1593633545745,"l":22513886,"M":true,"q":"225.00000000","s":"IOTABTC","a":19005183,"T":1593633545744,"e":"aggTrade","p":"0.00002444","f":22513886},{"m":false,"E":1593633548300,"l":22513887,"M":true,"q":"13.00000000","s":"IOTABTC","a":19005184,"T":1593633548298,"e":"aggTrade","p":"0.00002445","f":22513887},{"m":false,"E":1593633548389,"l":22513888,"M":true,"q":"13.00000000","s":"IOTABTC","a":19005185,"T":1593633548388,"e":"aggTrade","p":"0.00002446","f":22513888},{"m":false,"E":1593633548391,"l":22513891,"M":true,"q":"43.00000000","s":"IOTABTC","a":19005186,"T":1593633548390,"e":"aggTrade","p":"0.00002447","f":22513889},{"m":false,"E":1593633550090,"l":22513892,"M":true,"q":"13.00000000","s":"IOTABTC","a":19005187,"T":1593633550089,"e":"aggTrade","p":"0.00002448","f":22513892},{"m":false,"E":1593633550090,"l":22513894,"M":true,"q":"213.00000000","s":"IOTABTC","a":19005188,"T":1593633550089,"e":"aggTrade","p":"0.00002450","f":22513893},{"m":false,"E":1593633550299,"l":22513896,"M":true,"q":"95.00000000","s":"IOTABTC","a":19005189,"T":1593633550298,"e":"aggTrade","p":"0.00002451","f":22513895},{"m":false,"E":1593633551895,"l":22513897,"M":true,"q":"82.00000000","s":"IOTABTC","a":19005190,"T":1593633551894,"e":"aggTrade","p":"0.00002451","f":22513897},{"m":false,"E":1593633553992,"l":22513898,"M":true,"q":"82.00000000","s":"IOTABTC","a":19005191,"T":1593633553991,"e":"aggTrade","p":"0.00002451","f":22513898},{"m":false,"E":1593633554999,"l":22513899,"M":true,"q":"82.00000000","s":"IOTABTC","a":19005192,"T":1593633554997,"e":"aggTrade","p":"0.00002451","f":22513899},{"m":false,"E":1593633555208,"l":22513900,"M":true,"q":"82.00000000","s":"IOTABTC","a":19005193,"T":1593633555207,"e":"aggTrade","p":"0.00002451","f":22513900},{"m":false,"E":1593633555926,"l":22513901,"M":true,"q":"10.00000000","s":"IOTABTC","a":19005194,"T":1593633555925,"e":"aggTrade","p":"0.00002451","f":22513901},{"m":false,"E":1593633556199,"l":22513903,"M":true,"q":"96.00000000","s":"IOTABTC","a":19005195,"T":1593633556197,"e":"aggTrade","p":"0.00002451","f":22513902},{"m":false,"E":1593633556599,"l":22513904,"M":true,"q":"58.00000000","s":"IOTABTC","a":19005196,"T":1593633556598,"e":"aggTrade","p":"0.00002451","f":22513904},{"m":false,"E":1593633557090,"l":22513905,"M":true,"q":"26.00000000","s":"IOTABTC","a":19005197,"T":1593633557088,"e":"aggTrade","p":"0.00002451","f":22513905},{"m":false,"E":1593633557200,"l":22513907,"M":true,"q":"80.00000000","s":"IOTABTC","a":19005198,"T":1593633557199,"e":"aggTrade","p":"0.00002451","f":22513906},{"m":false,"E":1593633557596,"l":22513908,"M":true,"q":"58.00000000","s":"IOTABTC","a":19005199,"T":1593633557595,"e":"aggTrade","p":"0.00002451","f":22513908},{"m":false,"E":1593633558059,"l":22513909,"M":true,"q":"79.00000000","s":"IOTABTC","a":19005200,"T":1593633558057,"e":"aggTrade","p":"0.00002451","f":22513909},{"m":false,"E":1593633558062,"l":22513911,"M":true,"q":"24.00000000","s":"IOTABTC","a":19005201,"T":1593633558060,"e":"aggTrade","p":"0.00002452","f":22513910},{"m":false,"E":1593633558295,"l":22513914,"M":true,"q":"220.00000000","s":"IOTABTC","a":19005202,"T":1593633558293,"e":"aggTrade","p":"0.00002453","f":22513912},{"m":false,"E":1593633562302,"l":22513917,"M":true,"q":"35.00000000","s":"IOTABTC","a":19005203,"T":1593633562300,"e":"aggTrade","p":"0.00002454","f":22513915},{"m":false,"E":1593633562302,"l":22513918,"M":true,"q":"13.00000000","s":"IOTABTC","a":19005204,"T":1593633562300,"e":"aggTrade","p":"0.00002455","f":22513918},{"m":false,"E":1593633564263,"l":22513920,"M":true,"q":"18.00000000","s":"IOTABTC","a":19005205,"T":1593633564262,"e":"aggTrade","p":"0.00002456","f":22513919},{"m":true,"E":1593633564337,"l":22513921,"M":true,"q":"15.00000000","s":"IOTABTC","a":19005206,"T":1593633564336,"e":"aggTrade","p":"0.00002456","f":22513921},{"m":true,"E":1593633564704,"l":22513922,"M":true,"q":"106.00000000","s":"IOTABTC","a":19005207,"T":1593633564702,"e":"aggTrade","p":"0.00002456","f":22513922},{"m":false,"E":1593633565432,"l":22513923,"M":true,"q":"2.00000000","s":"IOTABTC","a":19005208,"T":1593633565430,"e":"aggTrade","p":"0.00002457","f":22513923},{"m":false,"E":1593633573654,"l":22513924,"M":true,"q":"59.00000000","s":"IOTABTC","a":19005209,"T":1593633573653,"e":"aggTrade","p":"0.00002456","f":22513924},{"m":false,"E":1593633576842,"l":22513925,"M":true,"q":"223.00000000","s":"IOTABTC","a":19005210,"T":1593633576841,"e":"aggTrade","p":"0.00002456","f":22513925},{"m":false,"E":1593633602074,"l":22513926,"M":true,"q":"5.00000000","s":"IOTABTC","a":19005211,"T":1593633602073,"e":"aggTrade","p":"0.00002456","f":22513926},{"m":false,"E":1593633603468,"l":22513927,"M":true,"q":"81.00000000","s":"IOTABTC","a":19005212,"T":1593633603467,"e":"aggTrade","p":"0.00002456","f":22513927}],[{"m":false,"E":1593663080523,"l":22517892,"M":true,"q":"55.00000000","s":"IOTABTC","a":19007846,"T":1593663080522,"e":"aggTrade","p":"0.00002595","f":22517892},{"m":true,"E":1593663085220,"l":22517893,"M":true,"q":"22.00000000","s":"IOTABTC","a":19007847,"T":1593663085219,"e":"aggTrade","p":"0.00002595","f":22517893},{"m":false,"E":1593663107283,"l":22517894,"M":true,"q":"10.00000000","s":"IOTABTC","a":19007848,"T":1593663107282,"e":"aggTrade","p":"0.00002596","f":22517894},{"m":false,"E":1593663116991,"l":22517895,"M":true,"q":"168.00000000","s":"IOTABTC","a":19007849,"T":1593663116990,"e":"aggTrade","p":"0.00002597","f":22517895},{"m":false,"E":1593663116991,"l":22517896,"M":true,"q":"1532.00000000","s":"IOTABTC","a":19007850,"T":1593663116990,"e":"aggTrade","p":"0.00002598","f":22517896},{"m":false,"E":1593663119632,"l":22517897,"M":true,"q":"41.00000000","s":"IOTABTC","a":19007851,"T":1593663119631,"e":"aggTrade","p":"0.00002596","f":22517897},{"m":false,"E":1593663131635,"l":22517903,"M":true,"q":"1030.00000000","s":"IOTABTC","a":19007852,"T":1593663131633,"e":"aggTrade","p":"0.00002598","f":22517898},{"m":false,"E":1593663133644,"l":22517904,"M":true,"q":"49.00000000","s":"IOTABTC","a":19007853,"T":1593663133643,"e":"aggTrade","p":"0.00002599","f":22517904},{"m":false,"E":1593663143166,"l":22517905,"M":true,"q":"73.00000000","s":"IOTABTC","a":19007854,"T":1593663143165,"e":"aggTrade","p":"0.00002598","f":22517905},{"m":true,"E":1593663145219,"l":22517906,"M":true,"q":"4.00000000","s":"IOTABTC","a":19007855,"T":1593663145218,"e":"aggTrade","p":"0.00002596","f":22517906},{"m":true,"E":1593663161119,"l":22517907,"M":true,"q":"6.00000000","s":"IOTABTC","a":19007856,"T":1593663161118,"e":"aggTrade","p":"0.00002596","f":22517907},{"m":true,"E":1593663161228,"l":22517908,"M":true,"q":"512.00000000","s":"IOTABTC","a":19007857,"T":1593663161227,"e":"aggTrade","p":"0.00002595","f":22517908},{"m":true,"E":1593663161731,"l":22517909,"M":true,"q":"5147.00000000","s":"IOTABTC","a":19007858,"T":1593663161730,"e":"aggTrade","p":"0.00002594","f":22517909},{"m":true,"E":1593663162966,"l":22517910,"M":true,"q":"39.00000000","s":"IOTABTC","a":19007859,"T":1593663162965,"e":"aggTrade","p":"0.00002591","f":22517910},{"m":true,"E":1593663163011,"l":22517911,"M":true,"q":"4.00000000","s":"IOTABTC","a":19007860,"T":1593663163010,"e":"aggTrade","p":"0.00002591","f":22517911},{"m":true,"E":1593663163022,"l":22517912,"M":true,"q":"207.00000000","s":"IOTABTC","a":19007861,"T":1593663163021,"e":"aggTrade","p":"0.00002591","f":22517912},{"m":true,"E":1593663163022,"l":22517913,"M":true,"q":"388.00000000","s":"IOTABTC","a":19007862,"T":1593663163021,"e":"aggTrade","p":"0.00002590","f":22517913},{"m":true,"E":1593663163026,"l":22517914,"M":true,"q":"39.00000000","s":"IOTABTC","a":19007863,"T":1593663163025,"e":"aggTrade","p":"0.00002590","f":22517914},{"m":true,"E":1593663163029,"l":22517915,"M":true,"q":"39.00000000","s":"IOTABTC","a":19007864,"T":1593663163028,"e":"aggTrade","p":"0.00002590","f":22517915},{"m":true,"E":1593663163032,"l":22517916,"M":true,"q":"39.00000000","s":"IOTABTC","a":19007865,"T":1593663163030,"e":"aggTrade","p":"0.00002590","f":22517916},{"m":true,"E":1593663163053,"l":22517917,"M":true,"q":"79.00000000","s":"IOTABTC","a":19007866,"T":1593663163052,"e":"aggTrade","p":"0.00002590","f":22517917},{"m":true,"E":1593663163076,"l":22517918,"M":true,"q":"16.00000000","s":"IOTABTC","a":19007867,"T":1593663163075,"e":"aggTrade","p":"0.00002590","f":22517918},{"m":true,"E":1593663163120,"l":22517919,"M":true,"q":"16.00000000","s":"IOTABTC","a":19007868,"T":1593663163119,"e":"aggTrade","p":"0.00002590","f":22517919},{"m":false,"E":1593663163692,"l":22517920,"M":true,"q":"39.00000000","s":"IOTABTC","a":19007869,"T":1593663163691,"e":"aggTrade","p":"0.00002598","f":22517920},{"m":true,"E":1593663164956,"l":22517921,"M":true,"q":"2573.00000000","s":"IOTABTC","a":19007870,"T":1593663164955,"e":"aggTrade","p":"0.00002590","f":22517921},{"m":false,"E":1593663167592,"l":22517922,"M":true,"q":"70.00000000","s":"IOTABTC","a":19007871,"T":1593663167591,"e":"aggTrade","p":"0.00002596","f":22517922},{"m":false,"E":1593663183432,"l":22517923,"M":true,"q":"22.00000000","s":"IOTABTC","a":19007872,"T":1593663183431,"e":"aggTrade","p":"0.00002595","f":22517923},{"m":true,"E":1593663190025,"l":22517924,"M":true,"q":"257.00000000","s":"IOTABTC","a":19007873,"T":1593663190024,"e":"aggTrade","p":"0.00002592","f":22517924}],[{"m":false,"E":1593707906055,"l":22523209,"M":true,"q":"482.00000000","s":"IOTABTC","a":19011570,"T":1593707906054,"e":"aggTrade","p":"0.00002480","f":22523209},{"m":true,"E":1593707921667,"l":22523210,"M":true,"q":"3.00000000","s":"IOTABTC","a":19011571,"T":1593707921665,"e":"aggTrade","p":"0.00002473","f":22523210},{"m":true,"E":1593707921667,"l":22523213,"M":true,"q":"43.00000000","s":"IOTABTC","a":19011572,"T":1593707921665,"e":"aggTrade","p":"0.00002472","f":22523211},{"m":true,"E":1593707923023,"l":22523218,"M":true,"q":"285.00000000","s":"IOTABTC","a":19011573,"T":1593707923021,"e":"aggTrade","p":"0.00002471","f":22523214},{"m":true,"E":1593707923023,"l":22523226,"M":true,"q":"1494.00000000","s":"IOTABTC","a":19011574,"T":1593707923021,"e":"aggTrade","p":"0.00002470","f":22523219},{"m":true,"E":1593707924151,"l":22523227,"M":true,"q":"1234.00000000","s":"IOTABTC","a":19011575,"T":1593707924146,"e":"aggTrade","p":"0.00002470","f":22523227},{"m":true,"E":1593707925168,"l":22523228,"M":true,"q":"856.00000000","s":"IOTABTC","a":19011576,"T":1593707925165,"e":"aggTrade","p":"0.00002470","f":22523228},{"m":true,"E":1593707926186,"l":22523229,"M":true,"q":"598.00000000","s":"IOTABTC","a":19011577,"T":1593707926185,"e":"aggTrade","p":"0.00002470","f":22523229},{"m":true,"E":1593707927426,"l":22523231,"M":true,"q":"18.00000000","s":"IOTABTC","a":19011578,"T":1593707927424,"e":"aggTrade","p":"0.00002469","f":22523230},{"m":true,"E":1593707927426,"l":22523235,"M":true,"q":"84.00000000","s":"IOTABTC","a":19011579,"T":1593707927424,"e":"aggTrade","p":"0.00002468","f":22523232},{"m":true,"E":1593707927426,"l":22523238,"M":true,"q":"156.00000000","s":"IOTABTC","a":19011580,"T":1593707927424,"e":"aggTrade","p":"0.00002467","f":22523236},{"m":true,"E":1593707927426,"l":22523240,"M":true,"q":"21.00000000","s":"IOTABTC","a":19011581,"T":1593707927424,"e":"aggTrade","p":"0.00002466","f":22523239},{"m":true,"E":1593707927426,"l":22523244,"M":true,"q":"100.00000000","s":"IOTABTC","a":19011582,"T":1593707927424,"e":"aggTrade","p":"0.00002465","f":22523241},{"m":true,"E":1593707927426,"l":22523247,"M":true,"q":"35.00000000","s":"IOTABTC","a":19011583,"T":1593707927424,"e":"aggTrade","p":"0.00002464","f":22523245},{"m":true,"E":1593707928426,"l":22523248,"M":true,"q":"210.00000000","s":"IOTABTC","a":19011584,"T":1593707928425,"e":"aggTrade","p":"0.00002464","f":22523248},{"m":true,"E":1593707928426,"l":22523250,"M":true,"q":"19.00000000","s":"IOTABTC","a":19011585,"T":1593707928425,"e":"aggTrade","p":"0.00002463","f":22523249},{"m":true,"E":1593707929529,"l":22523253,"M":true,"q":"217.00000000","s":"IOTABTC","a":19011586,"T":1593707929527,"e":"aggTrade","p":"0.00002462","f":22523251},{"m":false,"E":1593707929642,"l":22523254,"M":true,"q":"22.00000000","s":"IOTABTC","a":19011587,"T":1593707929640,"e":"aggTrade","p":"0.00002469","f":22523254},{"m":true,"E":1593707930663,"l":22523255,"M":true,"q":"166.00000000","s":"IOTABTC","a":19011588,"T":1593707930651,"e":"aggTrade","p":"0.00002462","f":22523255},{"m":true,"E":1593707931726,"l":22523257,"M":true,"q":"115.00000000","s":"IOTABTC","a":19011589,"T":1593707931725,"e":"aggTrade","p":"0.00002461","f":22523256},{"m":true,"E":1593707932728,"l":22523259,"M":true,"q":"80.00000000","s":"IOTABTC","a":19011590,"T":1593707932726,"e":"aggTrade","p":"0.00002461","f":22523258},{"m":true,"E":1593707933154,"l":22523263,"M":true,"q":"1148.00000000","s":"IOTABTC","a":19011591,"T":1593707933152,"e":"aggTrade","p":"0.00002461","f":22523260},{"m":true,"E":1593707933831,"l":22523266,"M":true,"q":"854.00000000","s":"IOTABTC","a":19011592,"T":1593707933829,"e":"aggTrade","p":"0.00002460","f":22523264},{"m":true,"E":1593707933831,"l":22523270,"M":true,"q":"66.00000000","s":"IOTABTC","a":19011593,"T":1593707933829,"e":"aggTrade","p":"0.00002460","f":22523267},{"m":true,"E":1593707933831,"l":22523278,"M":true,"q":"472.00000000","s":"IOTABTC","a":19011594,"T":1593707933829,"e":"aggTrade","p":"0.00002459","f":22523271},{"m":true,"E":1593707933831,"l":22523280,"M":true,"q":"21.00000000","s":"IOTABTC","a":19011595,"T":1593707933829,"e":"aggTrade","p":"0.00002458","f":22523279},{"m":true,"E":1593707934825,"l":22523281,"M":true,"q":"47.00000000","s":"IOTABTC","a":19011596,"T":1593707934824,"e":"aggTrade","p":"0.00002458","f":22523281},{"m":true,"E":1593707934830,"l":22523285,"M":true,"q":"229.00000000","s":"IOTABTC","a":19011597,"T":1593707934828,"e":"aggTrade","p":"0.00002458","f":22523282},{"m":true,"E":1593707936239,"l":22523289,"M":true,"q":"644.00000000","s":"IOTABTC","a":19011598,"T":1593707936237,"e":"aggTrade","p":"0.00002457","f":22523286},{"m":true,"E":1593707937334,"l":22523294,"M":true,"q":"735.00000000","s":"IOTABTC","a":19011599,"T":1593707937332,"e":"aggTrade","p":"0.00002456","f":22523290},{"m":true,"E":1593707938803,"l":22523296,"M":true,"q":"6477.00000000","s":"IOTABTC","a":19011600,"T":1593707938802,"e":"aggTrade","p":"0.00002456","f":22523295},{"m":true,"E":1593707938830,"l":22523302,"M":true,"q":"5041.00000000","s":"IOTABTC","a":19011601,"T":1593707938827,"e":"aggTrade","p":"0.00002455","f":22523297},{"m":true,"E":1593707939830,"l":22523303,"M":true,"q":"3500.00000000","s":"IOTABTC","a":19011602,"T":1593707939828,"e":"aggTrade","p":"0.00002455","f":22523303},{"m":true,"E":1593707939850,"l":22523305,"M":true,"q":"76.00000000","s":"IOTABTC","a":19011603,"T":1593707939848,"e":"aggTrade","p":"0.00002455","f":22523304},{"m":false,"E":1593707940274,"l":22523306,"M":true,"q":"5.00000000","s":"IOTABTC","a":19011604,"T":1593707940272,"e":"aggTrade","p":"0.00002458","f":22523306},{"m":true,"E":1593707940833,"l":22523307,"M":true,"q":"136.00000000","s":"IOTABTC","a":19011605,"T":1593707940832,"e":"aggTrade","p":"0.00002455","f":22523307},{"m":true,"E":1593707940837,"l":22523308,"M":true,"q":"104.00000000","s":"IOTABTC","a":19011606,"T":1593707940835,"e":"aggTrade","p":"0.00002455","f":22523308},{"m":true,"E":1593707940837,"l":22523313,"M":true,"q":"2058.00000000","s":"IOTABTC","a":19011607,"T":1593707940835,"e":"aggTrade","p":"0.00002454","f":22523309},{"m":true,"E":1593707940848,"l":22523314,"M":true,"q":"62.00000000","s":"IOTABTC","a":19011608,"T":1593707940847,"e":"aggTrade","p":"0.00002454","f":22523314},{"m":true,"E":1593707940852,"l":22523315,"M":true,"q":"2581.00000000","s":"IOTABTC","a":19011609,"T":1593707940850,"e":"aggTrade","p":"0.00002454","f":22523315},{"m":true,"E":1593707940939,"l":22523317,"M":true,"q":"4849.00000000","s":"IOTABTC","a":19011610,"T":1593707940938,"e":"aggTrade","p":"0.00002454","f":22523316},{"m":true,"E":1593707941019,"l":22523318,"M":true,"q":"362.00000000","s":"IOTABTC","a":19011611,"T":1593707941018,"e":"aggTrade","p":"0.00002454","f":22523318},{"m":true,"E":1593707941024,"l":22523319,"M":true,"q":"1863.00000000","s":"IOTABTC","a":19011612,"T":1593707941022,"e":"aggTrade","p":"0.00002454","f":22523319},{"m":true,"E":1593707941172,"l":22523325,"M":true,"q":"864.00000000","s":"IOTABTC","a":19011613,"T":1593707941170,"e":"aggTrade","p":"0.00002453","f":22523320},{"m":true,"E":1593707941172,"l":22523328,"M":true,"q":"40.00000000","s":"IOTABTC","a":19011614,"T":1593707941170,"e":"aggTrade","p":"0.00002452","f":22523326},{"m":true,"E":1593707941172,"l":22523333,"M":true,"q":"984.00000000","s":"IOTABTC","a":19011615,"T":1593707941170,"e":"aggTrade","p":"0.00002451","f":22523329},{"m":true,"E":1593707941172,"l":22523334,"M":true,"q":"2819.00000000","s":"IOTABTC","a":19011616,"T":1593707941170,"e":"aggTrade","p":"0.00002451","f":22523334},{"m":true,"E":1593707941172,"l":22523345,"M":true,"q":"9381.00000000","s":"IOTABTC","a":19011617,"T":1593707941170,"e":"aggTrade","p":"0.00002450","f":22523335},{"m":true,"E":1593707941172,"l":22523346,"M":true,"q":"137.00000000","s":"IOTABTC","a":19011618,"T":1593707941170,"e":"aggTrade","p":"0.00002450","f":22523346},{"m":true,"E":1593707941175,"l":22523351,"M":true,"q":"272.00000000","s":"IOTABTC","a":19011619,"T":1593707941170,"e":"aggTrade","p":"0.00002450","f":22523347},{"m":true,"E":1593707941175,"l":22523355,"M":true,"q":"44.00000000","s":"IOTABTC","a":19011620,"T":1593707941170,"e":"aggTrade","p":"0.00002449","f":22523352},{"m":true,"E":1593707941175,"l":22523360,"M":true,"q":"60.00000000","s":"IOTABTC","a":19011621,"T":1593707941170,"e":"aggTrade","p":"0.00002448","f":22523356},{"m":true,"E":1593707941175,"l":22523368,"M":true,"q":"245.00000000","s":"IOTABTC","a":19011622,"T":1593707941170,"e":"aggTrade","p":"0.00002447","f":22523361},{"m":true,"E":1593707941175,"l":22523376,"M":true,"q":"641.00000000","s":"IOTABTC","a":19011623,"T":1593707941170,"e":"aggTrade","p":"0.00002446","f":22523369},{"m":true,"E":1593707941175,"l":22523382,"M":true,"q":"488.00000000","s":"IOTABTC","a":19011624,"T":1593707941170,"e":"aggTrade","p":"0.00002445","f":22523377},{"m":false,"E":1593707941519,"l":22523383,"M":true,"q":"2350.00000000","s":"IOTABTC","a":19011625,"T":1593707941517,"e":"aggTrade","p":"0.00002450","f":22523383},{"m":false,"E":1593707941768,"l":22523384,"M":true,"q":"4000.00000000","s":"IOTABTC","a":19011626,"T":1593707941767,"e":"aggTrade","p":"0.00002450","f":22523384},{"m":true,"E":1593707941794,"l":22523385,"M":true,"q":"481.00000000","s":"IOTABTC","a":19011627,"T":1593707941793,"e":"aggTrade","p":"0.00002446","f":22523385},{"m":true,"E":1593707942372,"l":22523386,"M":true,"q":"19.00000000","s":"IOTABTC","a":19011628,"T":1593707942370,"e":"aggTrade","p":"0.00002446","f":22523386},{"m":false,"E":1593707942384,"l":22523387,"M":true,"q":"7768.00000000","s":"IOTABTC","a":19011629,"T":1593707942383,"e":"aggTrade","p":"0.00002450","f":22523387},{"m":true,"E":1593707943157,"l":22523388,"M":true,"q":"678.00000000","s":"IOTABTC","a":19011630,"T":1593707943154,"e":"aggTrade","p":"0.00002446","f":22523388},{"m":true,"E":1593707943160,"l":22523389,"M":true,"q":"276.00000000","s":"IOTABTC","a":19011631,"T":1593707943158,"e":"aggTrade","p":"0.00002446","f":22523389},{"m":true,"E":1593707943161,"l":22523390,"M":true,"q":"488.00000000","s":"IOTABTC","a":19011632,"T":1593707943159,"e":"aggTrade","p":"0.00002446","f":22523390},{"m":true,"E":1593707943186,"l":22523391,"M":true,"q":"112.00000000","s":"IOTABTC","a":19011633,"T":1593707943185,"e":"aggTrade","p":"0.00002446","f":22523391},{"m":true,"E":1593707943186,"l":22523392,"M":true,"q":"1519.00000000","s":"IOTABTC","a":19011634,"T":1593707943185,"e":"aggTrade","p":"0.00002445","f":22523392},{"m":true,"E":1593707943933,"l":22523398,"M":true,"q":"22466.00000000","s":"IOTABTC","a":19011635,"T":1593707943931,"e":"aggTrade","p":"0.00002445","f":22523393},{"m":true,"E":1593707944184,"l":22523399,"M":true,"q":"67.00000000","s":"IOTABTC","a":19011636,"T":1593707944182,"e":"aggTrade","p":"0.00002444","f":22523399},{"m":false,"E":1593707944722,"l":22523400,"M":true,"q":"5.00000000","s":"IOTABTC","a":19011637,"T":1593707944721,"e":"aggTrade","p":"0.00002446","f":22523400},{"m":true,"E":1593707945043,"l":22523406,"M":true,"q":"437.00000000","s":"IOTABTC","a":19011638,"T":1593707945041,"e":"aggTrade","p":"0.00002444","f":22523401},{"m":true,"E":1593707945043,"l":22523409,"M":true,"q":"1314.00000000","s":"IOTABTC","a":19011639,"T":1593707945041,"e":"aggTrade","p":"0.00002443","f":22523407},{"m":false,"E":1593707945319,"l":22523410,"M":true,"q":"145.00000000","s":"IOTABTC","a":19011640,"T":1593707945317,"e":"aggTrade","p":"0.00002446","f":22523410},{"m":true,"E":1593707945354,"l":22523411,"M":true,"q":"327.00000000","s":"IOTABTC","a":19011641,"T":1593707945351,"e":"aggTrade","p":"0.00002446","f":22523411},{"m":false,"E":1593707945727,"l":22523412,"M":true,"q":"101.00000000","s":"IOTABTC","a":19011642,"T":1593707945725,"e":"aggTrade","p":"0.00002450","f":22523412},{"m":true,"E":1593707945836,"l":22523413,"M":true,"q":"12.00000000","s":"IOTABTC","a":19011643,"T":1593707945827,"e":"aggTrade","p":"0.00002445","f":22523413},{"m":true,"E":1593707945836,"l":22523416,"M":true,"q":"480.00000000","s":"IOTABTC","a":19011644,"T":1593707945827,"e":"aggTrade","p":"0.00002442","f":22523414},{"m":false,"E":1593707945939,"l":22523417,"M":true,"q":"623.00000000","s":"IOTABTC","a":19011645,"T":1593707945937,"e":"aggTrade","p":"0.00002442","f":22523417},{"m":true,"E":1593707946041,"l":22523423,"M":true,"q":"1521.00000000","s":"IOTABTC","a":19011646,"T":1593707946038,"e":"aggTrade","p":"0.00002441","f":22523418},{"m":true,"E":1593707946041,"l":22523432,"M":true,"q":"757.00000000","s":"IOTABTC","a":19011647,"T":1593707946038,"e":"aggTrade","p":"0.00002440","f":22523424},{"m":true,"E":1593707946041,"l":22523434,"M":true,"q":"617.00000000","s":"IOTABTC","a":19011648,"T":1593707946038,"e":"aggTrade","p":"0.00002439","f":22523433},{"m":true,"E":1593707946041,"l":22523435,"M":true,"q":"89.00000000","s":"IOTABTC","a":19011649,"T":1593707946038,"e":"aggTrade","p":"0.00002439","f":22523435},{"m":true,"E":1593707946041,"l":22523438,"M":true,"q":"2040.00000000","s":"IOTABTC","a":19011650,"T":1593707946038,"e":"aggTrade","p":"0.00002439","f":22523436},{"m":false,"E":1593707946051,"l":22523439,"M":true,"q":"17.00000000","s":"IOTABTC","a":19011651,"T":1593707946050,"e":"aggTrade","p":"0.00002439","f":22523439},{"m":false,"E":1593707946082,"l":22523440,"M":true,"q":"20.00000000","s":"IOTABTC","a":19011652,"T":1593707946080,"e":"aggTrade","p":"0.00002439","f":22523440},{"m":false,"E":1593707946125,"l":22523441,"M":true,"q":"116.00000000","s":"IOTABTC","a":19011653,"T":1593707946123,"e":"aggTrade","p":"0.00002439","f":22523441},{"m":false,"E":1593707946139,"l":22523442,"M":true,"q":"1175.00000000","s":"IOTABTC","a":19011654,"T":1593707946138,"e":"aggTrade","p":"0.00002439","f":22523442},{"m":false,"E":1593707947005,"l":22523443,"M":true,"q":"111.00000000","s":"IOTABTC","a":19011655,"T":1593707947004,"e":"aggTrade","p":"0.00002450","f":22523443},{"m":false,"E":1593707948013,"l":22523444,"M":true,"q":"5869.00000000","s":"IOTABTC","a":19011656,"T":1593707948011,"e":"aggTrade","p":"0.00002450","f":22523444},{"m":false,"E":1593707948971,"l":22523445,"M":true,"q":"13.00000000","s":"IOTABTC","a":19011657,"T":1593707948969,"e":"aggTrade","p":"0.00002451","f":22523445},{"m":false,"E":1593707949197,"l":22523447,"M":true,"q":"24.00000000","s":"IOTABTC","a":19011658,"T":1593707949196,"e":"aggTrade","p":"0.00002452","f":22523446},{"m":false,"E":1593707949217,"l":22523448,"M":true,"q":"6.00000000","s":"IOTABTC","a":19011659,"T":1593707949216,"e":"aggTrade","p":"0.00002453","f":22523448},{"m":false,"E":1593707949285,"l":22523449,"M":true,"q":"60.00000000","s":"IOTABTC","a":19011660,"T":1593707949284,"e":"aggTrade","p":"0.00002453","f":22523449},{"m":false,"E":1593707949397,"l":22523450,"M":true,"q":"20.00000000","s":"IOTABTC","a":19011661,"T":1593707949396,"e":"aggTrade","p":"0.00002453","f":22523450},{"m":false,"E":1593707949415,"l":22523451,"M":true,"q":"60.00000000","s":"IOTABTC","a":19011662,"T":1593707949414,"e":"aggTrade","p":"0.00002453","f":22523451},{"m":false,"E":1593707949434,"l":22523453,"M":true,"q":"68.00000000","s":"IOTABTC","a":19011663,"T":1593707949433,"e":"aggTrade","p":"0.00002453","f":22523452},{"m":false,"E":1593707949477,"l":22523454,"M":true,"q":"13.00000000","s":"IOTABTC","a":19011664,"T":1593707949476,"e":"aggTrade","p":"0.00002454","f":22523454},{"m":false,"E":1593707949477,"l":22523455,"M":true,"q":"13.00000000","s":"IOTABTC","a":19011665,"T":1593707949476,"e":"aggTrade","p":"0.00002455","f":22523455},{"m":false,"E":1593707949477,"l":22523456,"M":true,"q":"13.00000000","s":"IOTABTC","a":19011666,"T":1593707949476,"e":"aggTrade","p":"0.00002456","f":22523456},{"m":false,"E":1593707949477,"l":22523457,"M":true,"q":"13.00000000","s":"IOTABTC","a":19011667,"T":1593707949476,"e":"aggTrade","p":"0.00002457","f":22523457},{"m":false,"E":1593707949477,"l":22523458,"M":true,"q":"8.00000000","s":"IOTABTC","a":19011668,"T":1593707949476,"e":"aggTrade","p":"0.00002458","f":22523458},{"m":false,"E":1593707949591,"l":22523460,"M":true,"q":"78.00000000","s":"IOTABTC","a":19011669,"T":1593707949589,"e":"aggTrade","p":"0.00002458","f":22523459},{"m":false,"E":1593707949591,"l":22523465,"M":true,"q":"269.00000000","s":"IOTABTC","a":19011670,"T":1593707949589,"e":"aggTrade","p":"0.00002459","f":22523461},{"m":false,"E":1593707949591,"l":22523467,"M":true,"q":"24.00000000","s":"IOTABTC","a":19011671,"T":1593707949589,"e":"aggTrade","p":"0.00002460","f":22523466},{"m":false,"E":1593707949591,"l":22523469,"M":true,"q":"231.00000000","s":"IOTABTC","a":19011672,"T":1593707949589,"e":"aggTrade","p":"0.00002461","f":22523468},{"m":false,"E":1593707949597,"l":22523470,"M":true,"q":"12.00000000","s":"IOTABTC","a":19011673,"T":1593707949596,"e":"aggTrade","p":"0.00002461","f":22523470},{"m":false,"E":1593707949608,"l":22523471,"M":true,"q":"11.00000000","s":"IOTABTC","a":19011674,"T":1593707949607,"e":"aggTrade","p":"0.00002461","f":22523471},{"m":false,"E":1593707949789,"l":22523474,"M":true,"q":"262.00000000","s":"IOTABTC","a":19011675,"T":1593707949788,"e":"aggTrade","p":"0.00002461","f":22523472},{"m":true,"E":1593707949823,"l":22523475,"M":true,"q":"13.00000000","s":"IOTABTC","a":19011676,"T":1593707949822,"e":"aggTrade","p":"0.00002449","f":22523475},{"m":false,"E":1593707949838,"l":22523476,"M":true,"q":"7.00000000","s":"IOTABTC","a":19011677,"T":1593707949836,"e":"aggTrade","p":"0.00002458","f":22523476},{"m":false,"E":1593707949838,"l":22523477,"M":true,"q":"6.00000000","s":"IOTABTC","a":19011678,"T":1593707949836,"e":"aggTrade","p":"0.00002461","f":22523477},{"m":false,"E":1593707949843,"l":22523479,"M":true,"q":"177.00000000","s":"IOTABTC","a":19011679,"T":1593707949842,"e":"aggTrade","p":"0.00002461","f":22523478},{"m":true,"E":1593707950000,"l":22523480,"M":true,"q":"13.00000000","s":"IOTABTC","a":19011680,"T":1593707949999,"e":"aggTrade","p":"0.00002449","f":22523480},{"m":false,"E":1593707950048,"l":22523481,"M":true,"q":"13.00000000","s":"IOTABTC","a":19011681,"T":1593707950048,"e":"aggTrade","p":"0.00002450","f":22523481},{"m":true,"E":1593707950161,"l":22523483,"M":true,"q":"102.00000000","s":"IOTABTC","a":19011682,"T":1593707950160,"e":"aggTrade","p":"0.00002449","f":22523482},{"m":true,"E":1593707950187,"l":22523484,"M":true,"q":"27.00000000","s":"IOTABTC","a":19011683,"T":1593707950186,"e":"aggTrade","p":"0.00002449","f":22523484},{"m":true,"E":1593707951584,"l":22523485,"M":true,"q":"5.00000000","s":"IOTABTC","a":19011684,"T":1593707951583,"e":"aggTrade","p":"0.00002455","f":22523485},{"m":true,"E":1593707951584,"l":22523486,"M":true,"q":"5.00000000","s":"IOTABTC","a":19011685,"T":1593707951583,"e":"aggTrade","p":"0.00002452","f":22523486},{"m":false,"E":1593707951795,"l":22523487,"M":true,"q":"55.00000000","s":"IOTABTC","a":19011686,"T":1593707951790,"e":"aggTrade","p":"0.00002457","f":22523487},{"m":false,"E":1593707951795,"l":22523488,"M":true,"q":"136.00000000","s":"IOTABTC","a":19011687,"T":1593707951790,"e":"aggTrade","p":"0.00002460","f":22523488},{"m":false,"E":1593707952196,"l":22523489,"M":true,"q":"17.00000000","s":"IOTABTC","a":19011688,"T":1593707952194,"e":"aggTrade","p":"0.00002454","f":22523489},{"m":false,"E":1593707953676,"l":22523490,"M":true,"q":"28.00000000","s":"IOTABTC","a":19011689,"T":1593707953674,"e":"aggTrade","p":"0.00002460","f":22523490},{"m":true,"E":1593707954807,"l":22523491,"M":true,"q":"84.00000000","s":"IOTABTC","a":19011690,"T":1593707954806,"e":"aggTrade","p":"0.00002453","f":22523491},{"m":false,"E":1593707955537,"l":22523492,"M":true,"q":"5.00000000","s":"IOTABTC","a":19011691,"T":1593707955535,"e":"aggTrade","p":"0.00002454","f":22523492},{"m":true,"E":1593707955753,"l":22523493,"M":true,"q":"83.00000000","s":"IOTABTC","a":19011692,"T":1593707955752,"e":"aggTrade","p":"0.00002453","f":22523493},{"m":false,"E":1593707956289,"l":22523494,"M":true,"q":"5.00000000","s":"IOTABTC","a":19011693,"T":1593707956288,"e":"aggTrade","p":"0.00002460","f":22523494},{"m":true,"E":1593707956663,"l":22523495,"M":true,"q":"33.00000000","s":"IOTABTC","a":19011694,"T":1593707956661,"e":"aggTrade","p":"0.00002453","f":22523495},{"m":true,"E":1593707956663,"l":22523497,"M":true,"q":"24.00000000","s":"IOTABTC","a":19011695,"T":1593707956661,"e":"aggTrade","p":"0.00002452","f":22523496},{"m":true,"E":1593707956663,"l":22523499,"M":true,"q":"26.00000000","s":"IOTABTC","a":19011696,"T":1593707956661,"e":"aggTrade","p":"0.00002451","f":22523498},{"m":true,"E":1593707957501,"l":22523500,"M":true,"q":"83.00000000","s":"IOTABTC","a":19011697,"T":1593707957500,"e":"aggTrade","p":"0.00002451","f":22523500},{"m":false,"E":1593707961247,"l":22523502,"M":true,"q":"24.00000000","s":"IOTABTC","a":19011698,"T":1593707961245,"e":"aggTrade","p":"0.00002460","f":22523501},{"m":false,"E":1593707961247,"l":22523505,"M":true,"q":"1129.00000000","s":"IOTABTC","a":19011699,"T":1593707961245,"e":"aggTrade","p":"0.00002461","f":22523503},{"m":false,"E":1593707961247,"l":22523516,"M":true,"q":"176.00000000","s":"IOTABTC","a":19011700,"T":1593707961245,"e":"aggTrade","p":"0.00002462","f":22523506},{"m":false,"E":1593707961247,"l":22523518,"M":true,"q":"263.00000000","s":"IOTABTC","a":19011701,"T":1593707961245,"e":"aggTrade","p":"0.00002463","f":22523517},{"m":false,"E":1593707961247,"l":22523519,"M":true,"q":"13.00000000","s":"IOTABTC","a":19011702,"T":1593707961245,"e":"aggTrade","p":"0.00002464","f":22523519},{"m":false,"E":1593707961269,"l":22523520,"M":true,"q":"2.00000000","s":"IOTABTC","a":19011703,"T":1593707961268,"e":"aggTrade","p":"0.00002465","f":22523520},{"m":true,"E":1593707963413,"l":22523521,"M":true,"q":"5.00000000","s":"IOTABTC","a":19011704,"T":1593707963412,"e":"aggTrade","p":"0.00002460","f":22523521},{"m":true,"E":1593707966556,"l":22523523,"M":true,"q":"10.00000000","s":"IOTABTC","a":19011705,"T":1593707966554,"e":"aggTrade","p":"0.00002460","f":22523522},{"m":false,"E":1593707968076,"l":22523524,"M":true,"q":"97.00000000","s":"IOTABTC","a":19011706,"T":1593707968075,"e":"aggTrade","p":"0.00002464","f":22523524},{"m":false,"E":1593707969933,"l":22523525,"M":true,"q":"85.00000000","s":"IOTABTC","a":19011707,"T":1593707969931,"e":"aggTrade","p":"0.00002463","f":22523525},{"m":true,"E":1593707974096,"l":22523526,"M":true,"q":"32.00000000","s":"IOTABTC","a":19011708,"T":1593707974095,"e":"aggTrade","p":"0.00002464","f":22523526},{"m":false,"E":1593707980540,"l":22523527,"M":true,"q":"41.00000000","s":"IOTABTC","a":19011709,"T":1593707980539,"e":"aggTrade","p":"0.00002464","f":22523527},{"m":false,"E":1593707983836,"l":22523528,"M":true,"q":"740.00000000","s":"IOTABTC","a":19011710,"T":1593707983835,"e":"aggTrade","p":"0.00002463","f":22523528},{"m":true,"E":1593707986158,"l":22523530,"M":true,"q":"440.00000000","s":"IOTABTC","a":19011711,"T":1593707986157,"e":"aggTrade","p":"0.00002455","f":22523529},{"m":false,"E":1593707986653,"l":22523531,"M":true,"q":"5.00000000","s":"IOTABTC","a":19011712,"T":1593707986652,"e":"aggTrade","p":"0.00002460","f":22523531},{"m":true,"E":1593707993187,"l":22523533,"M":true,"q":"21.00000000","s":"IOTABTC","a":19011713,"T":1593707993186,"e":"aggTrade","p":"0.00002454","f":22523532},{"m":true,"E":1593707993187,"l":22523534,"M":true,"q":"89.00000000","s":"IOTABTC","a":19011714,"T":1593707993186,"e":"aggTrade","p":"0.00002453","f":22523534},{"m":true,"E":1593707993209,"l":22523536,"M":true,"q":"124.00000000","s":"IOTABTC","a":19011715,"T":1593707993207,"e":"aggTrade","p":"0.00002453","f":22523535},{"m":true,"E":1593707993209,"l":22523538,"M":true,"q":"24.00000000","s":"IOTABTC","a":19011716,"T":1593707993207,"e":"aggTrade","p":"0.00002452","f":22523537},{"m":true,"E":1593707993209,"l":22523539,"M":true,"q":"13.00000000","s":"IOTABTC","a":19011717,"T":1593707993207,"e":"aggTrade","p":"0.00002451","f":22523539},{"m":true,"E":1593707993209,"l":22523541,"M":true,"q":"18.00000000","s":"IOTABTC","a":19011718,"T":1593707993207,"e":"aggTrade","p":"0.00002450","f":22523540},{"m":true,"E":1593707993209,"l":22523542,"M":true,"q":"2.00000000","s":"IOTABTC","a":19011719,"T":1593707993207,"e":"aggTrade","p":"0.00002449","f":22523542}]]},{"peak":"3.21199143|900,-7.58928571|600,10.04464286|3720,-7.17391304|1140,13.69565217|4560,-5.65656566|3210,5.85858586|2370,-5.22088353|600,11.44578313|1140,-5.91603053|1170,8.96946565|750,-4.96323529|1680,6.98529412|1860,-19.26229508|6316,-19.50718686|6579,5.74948665|1075","transactionList":[{},{},{},{},{},{},{},{},{},{},{},{},{},{},[{"m":true,"E":1593637790054,"l":6582240,"M":true,"q":"359.00000000","s":"BTSBTC","a":5434688,"T":1593637790052,"e":"aggTrade","p":"0.00000244","f":6582239},{"m":false,"E":1593637790467,"l":6582241,"M":true,"q":"7465.00000000","s":"BTSBTC","a":5434689,"T":1593637790465,"e":"aggTrade","p":"0.00000244","f":6582241},{"m":false,"E":1593637790477,"l":6582242,"M":true,"q":"291.00000000","s":"BTSBTC","a":5434690,"T":1593637790476,"e":"aggTrade","p":"0.00000244","f":6582242},{"m":false,"E":1593637797332,"l":6582243,"M":true,"q":"66.00000000","s":"BTSBTC","a":5434691,"T":1593637797331,"e":"aggTrade","p":"0.00000245","f":6582243},{"m":true,"E":1593637797338,"l":6582244,"M":true,"q":"4223.00000000","s":"BTSBTC","a":5434692,"T":1593637797336,"e":"aggTrade","p":"0.00000245","f":6582244},{"m":true,"E":1593637797340,"l":6582245,"M":true,"q":"1559.00000000","s":"BTSBTC","a":5434693,"T":1593637797338,"e":"aggTrade","p":"0.00000245","f":6582245},{"m":false,"E":1593637801658,"l":6582247,"M":true,"q":"7085.00000000","s":"BTSBTC","a":5434694,"T":1593637801657,"e":"aggTrade","p":"0.00000245","f":6582246}],[{"m":true,"E":1593702275347,"l":6584437,"M":true,"q":"3900.00000000","s":"BTSBTC","a":5435852,"T":1593702275346,"e":"aggTrade","p":"0.00000256","f":6584437},{"m":true,"E":1593702277152,"l":6584438,"M":true,"q":"205.00000000","s":"BTSBTC","a":5435853,"T":1593702277151,"e":"aggTrade","p":"0.00000256","f":6584438},{"m":true,"E":1593702278492,"l":6584440,"M":true,"q":"215.00000000","s":"BTSBTC","a":5435854,"T":1593702278490,"e":"aggTrade","p":"0.00000255","f":6584439},{"m":true,"E":1593702278511,"l":6584442,"M":true,"q":"2399.00000000","s":"BTSBTC","a":5435855,"T":1593702278509,"e":"aggTrade","p":"0.00000255","f":6584441},{"m":false,"E":1593702294032,"l":6584445,"M":true,"q":"1038.00000000","s":"BTSBTC","a":5435856,"T":1593702294030,"e":"aggTrade","p":"0.00000256","f":6584443},{"m":false,"E":1593702300691,"l":6584450,"M":true,"q":"5305.00000000","s":"BTSBTC","a":5435857,"T":1593702300688,"e":"aggTrade","p":"0.00000257","f":6584446},{"m":false,"E":1593702301705,"l":6584451,"M":true,"q":"805.00000000","s":"BTSBTC","a":5435858,"T":1593702301704,"e":"aggTrade","p":"0.00000257","f":6584451},{"m":false,"E":1593702301839,"l":6584463,"M":true,"q":"5309.00000000","s":"BTSBTC","a":5435859,"T":1593702301836,"e":"aggTrade","p":"0.00000257","f":6584452},{"m":false,"E":1593702302100,"l":6584466,"M":true,"q":"5309.00000000","s":"BTSBTC","a":5435860,"T":1593702302099,"e":"aggTrade","p":"0.00000257","f":6584464},{"m":false,"E":1593702304203,"l":6584467,"M":true,"q":"1360.00000000","s":"BTSBTC","a":5435861,"T":1593702304201,"e":"aggTrade","p":"0.00000257","f":6584467},{"m":false,"E":1593702307181,"l":6584469,"M":true,"q":"2697.00000000","s":"BTSBTC","a":5435862,"T":1593702307167,"e":"aggTrade","p":"0.00000257","f":6584468},{"m":false,"E":1593702307193,"l":6584470,"M":true,"q":"855.00000000","s":"BTSBTC","a":5435863,"T":1593702307181,"e":"aggTrade","p":"0.00000257","f":6584470},{"m":false,"E":1593702307828,"l":6584471,"M":true,"q":"708.00000000","s":"BTSBTC","a":5435864,"T":1593702307827,"e":"aggTrade","p":"0.00000257","f":6584471},{"m":false,"E":1593702308067,"l":6584473,"M":true,"q":"2262.00000000","s":"BTSBTC","a":5435865,"T":1593702308066,"e":"aggTrade","p":"0.00000257","f":6584472},{"m":false,"E":1593702308770,"l":6584474,"M":true,"q":"7357.00000000","s":"BTSBTC","a":5435866,"T":1593702308759,"e":"aggTrade","p":"0.00000257","f":6584474},{"m":false,"E":1593702309678,"l":6584475,"M":true,"q":"778.00000000","s":"BTSBTC","a":5435867,"T":1593702309677,"e":"aggTrade","p":"0.00000257","f":6584475},{"m":false,"E":1593702309702,"l":6584476,"M":true,"q":"2244.00000000","s":"BTSBTC","a":5435868,"T":1593702309701,"e":"aggTrade","p":"0.00000257","f":6584476},{"m":false,"E":1593702309891,"l":6584477,"M":true,"q":"90.00000000","s":"BTSBTC","a":5435869,"T":1593702309887,"e":"aggTrade","p":"0.00000257","f":6584477},{"m":false,"E":1593702310140,"l":6584478,"M":true,"q":"428.00000000","s":"BTSBTC","a":5435870,"T":1593702310139,"e":"aggTrade","p":"0.00000257","f":6584478},{"m":false,"E":1593702310175,"l":6584479,"M":true,"q":"5337.00000000","s":"BTSBTC","a":5435871,"T":1593702310174,"e":"aggTrade","p":"0.00000257","f":6584479},{"m":false,"E":1593702310396,"l":6584480,"M":true,"q":"5237.00000000","s":"BTSBTC","a":5435872,"T":1593702310394,"e":"aggTrade","p":"0.00000257","f":6584480},{"m":false,"E":1593702310479,"l":6584482,"M":true,"q":"5337.00000000","s":"BTSBTC","a":5435873,"T":1593702310477,"e":"aggTrade","p":"0.00000257","f":6584481},{"m":false,"E":1593702310570,"l":6584483,"M":true,"q":"7285.00000000","s":"BTSBTC","a":5435874,"T":1593702310569,"e":"aggTrade","p":"0.00000257","f":6584483},{"m":false,"E":1593702310594,"l":6584484,"M":true,"q":"7354.00000000","s":"BTSBTC","a":5435875,"T":1593702310593,"e":"aggTrade","p":"0.00000257","f":6584484},{"m":true,"E":1593702310723,"l":6584489,"M":true,"q":"6536.00000000","s":"BTSBTC","a":5435876,"T":1593702310721,"e":"aggTrade","p":"0.00000256","f":6584485},{"m":false,"E":1593702310736,"l":6584490,"M":true,"q":"100464.00000000","s":"BTSBTC","a":5435877,"T":1593702310734,"e":"aggTrade","p":"0.00000256","f":6584490},{"m":false,"E":1593702310736,"l":6584491,"M":true,"q":"5266.00000000","s":"BTSBTC","a":5435878,"T":1593702310734,"e":"aggTrade","p":"0.00000257","f":6584491},{"m":false,"E":1593702311084,"l":6584492,"M":true,"q":"650.00000000","s":"BTSBTC","a":5435879,"T":1593702311082,"e":"aggTrade","p":"0.00000257","f":6584492},{"m":false,"E":1593702311111,"l":6584493,"M":true,"q":"10831.00000000","s":"BTSBTC","a":5435880,"T":1593702311107,"e":"aggTrade","p":"0.00000257","f":6584493},{"m":false,"E":1593702311255,"l":6584494,"M":true,"q":"10831.00000000","s":"BTSBTC","a":5435881,"T":1593702311254,"e":"aggTrade","p":"0.00000257","f":6584494},{"m":false,"E":1593702311868,"l":6584495,"M":true,"q":"1450.00000000","s":"BTSBTC","a":5435882,"T":1593702311867,"e":"aggTrade","p":"0.00000257","f":6584495},{"m":false,"E":1593702312346,"l":6584499,"M":true,"q":"80659.00000000","s":"BTSBTC","a":5435883,"T":1593702312343,"e":"aggTrade","p":"0.00000257","f":6584496},{"m":false,"E":1593702317707,"l":6584500,"M":true,"q":"47.00000000","s":"BTSBTC","a":5435884,"T":1593702317706,"e":"aggTrade","p":"0.00000257","f":6584500},{"m":false,"E":1593702327223,"l":6584505,"M":true,"q":"3091.00000000","s":"BTSBTC","a":5435885,"T":1593702327222,"e":"aggTrade","p":"0.00000258","f":6584501},{"m":true,"E":1593702328844,"l":6584507,"M":true,"q":"109.00000000","s":"BTSBTC","a":5435886,"T":1593702328843,"e":"aggTrade","p":"0.00000257","f":6584506},{"m":false,"E":1593702329851,"l":6584508,"M":true,"q":"429.00000000","s":"BTSBTC","a":5435887,"T":1593702329850,"e":"aggTrade","p":"0.00000257","f":6584508},{"m":false,"E":1593702332221,"l":6584509,"M":true,"q":"47.00000000","s":"BTSBTC","a":5435888,"T":1593702332219,"e":"aggTrade","p":"0.00000257","f":6584509},{"m":true,"E":1593702334387,"l":6584511,"M":true,"q":"164.00000000","s":"BTSBTC","a":5435889,"T":1593702334385,"e":"aggTrade","p":"0.00000256","f":6584510},{"m":true,"E":1593702336512,"l":6584515,"M":true,"q":"3411.00000000","s":"BTSBTC","a":5435890,"T":1593702336510,"e":"aggTrade","p":"0.00000256","f":6584512},{"m":true,"E":1593702339730,"l":6584516,"M":true,"q":"502.00000000","s":"BTSBTC","a":5435891,"T":1593702339729,"e":"aggTrade","p":"0.00000256","f":6584516},{"m":true,"E":1593702339747,"l":6584517,"M":true,"q":"280.00000000","s":"BTSBTC","a":5435892,"T":1593702339746,"e":"aggTrade","p":"0.00000256","f":6584517},{"m":false,"E":1593702348061,"l":6584518,"M":true,"q":"78.00000000","s":"BTSBTC","a":5435893,"T":1593702348059,"e":"aggTrade","p":"0.00000257","f":6584518},{"m":false,"E":1593702348460,"l":6584519,"M":true,"q":"154.00000000","s":"BTSBTC","a":5435894,"T":1593702348458,"e":"aggTrade","p":"0.00000257","f":6584519},{"m":false,"E":1593702349556,"l":6584520,"M":true,"q":"78.00000000","s":"BTSBTC","a":5435895,"T":1593702349555,"e":"aggTrade","p":"0.00000257","f":6584520},{"m":false,"E":1593702355100,"l":6584521,"M":true,"q":"185.00000000","s":"BTSBTC","a":5435896,"T":1593702355099,"e":"aggTrade","p":"0.00000257","f":6584521},{"m":true,"E":1593702361037,"l":6584522,"M":true,"q":"1218.00000000","s":"BTSBTC","a":5435897,"T":1593702361036,"e":"aggTrade","p":"0.00000256","f":6584522},{"m":true,"E":1593702361050,"l":6584524,"M":true,"q":"230.00000000","s":"BTSBTC","a":5435898,"T":1593702361049,"e":"aggTrade","p":"0.00000255","f":6584523},{"m":false,"E":1593702361280,"l":6584525,"M":true,"q":"988.00000000","s":"BTSBTC","a":5435899,"T":1593702361279,"e":"aggTrade","p":"0.00000255","f":6584525},{"m":true,"E":1593702373972,"l":6584526,"M":true,"q":"988.00000000","s":"BTSBTC","a":5435900,"T":1593702373971,"e":"aggTrade","p":"0.00000255","f":6584526},{"m":true,"E":1593702376970,"l":6584540,"M":true,"q":"14259.00000000","s":"BTSBTC","a":5435901,"T":1593702376967,"e":"aggTrade","p":"0.00000254","f":6584527}]]},{"peak":"15.20991053|540,-6.15091947|330,12.07989854|630,-6.25187857|870,5.44033664|1290,-6.30303030|420,7.63636364|90,-5.84028605|420,5.09535161|360,-14.43867618|1080,8.40363400|1320,-7.35861183|1230,8.00128535|720,-10.12450852|2310,10.74705111|1080,-6.82680152|1080,3.41340076|120,-6.61453242|1800,6.41902900|360,-19.37134503|1200,3.80116959|1200,-10.16291699|1770,10.51202483|1590,-17.00205339|2880,10.14373717|1440,-3.67220719|330,13.72245845|240,-16.93163752|1380,3.81558029|1214","transactionList":[{},{},{},{},{},{},{},{},{},{},{},{},{},{},{},{},{},{},{},{},{},{},{},{},{},{},{},{},{}]},{"peak":"-12.16272312|720,11.20797011|810,-4.52594616|300,11.35388217|990,-17.59373712|2640,17.26411207|2940,-5.01845018|420,6.60516605|450,-3.28923847|180,8.93814802|870,-4.34931507|330,3.28767123|180,-6.76106195|210,4.60176991|540,-4.26958363|510,5.29287227|690,-5.47896783|720,14.84623542|1590,-3.63636364|90,25.07177033|330,-14.81698389|570,6.58857980|150,-5.50724638|270,7.59420290|240,-4.29896038|210,8.42933408|120,-6.36714443|240,5.01653804|120,-8.51609228|600,7.26288807|180,-6.38418079|780,9.51977401|540,-4.67062635|150,3.07775378|60,-3.27292399|90,25.20962943|660,-7.45125348|150,19.22005571|360,-4.53897822|120,9.76999796|120,-4.27300851|120,16.86001547|210,-8.25720939|300,8.22138635|210,-8.88448369|210,3.64029555|90,-17.67955801|270,9.06486597|150,-5.50277118|210,3.24623911|360,-8.03645402|180,8.84424192|150,-8.46233230|450,20.12383901|390,-9.00917775|150,12.94249860|690,-6.16197183|120,13.23943662|390,-8.48372407|150,3.89610390|60,-3.19986597|90,5.07622717|288,-3.37893522|39,6.13153123|156,-9.73074301|234,3.10156783|57,-9.88013077|504,8.40900835|249,-16.46829268|438,3.35609756|93,-5.55998406|61,3.72658430|64,-5.21528199|69,10.41034971|323,-7.45622664|195,3.18709424|47,-5.53319920|168,-5.53319920|168,5.17102616|371,-11.26011069|381,3.44827586|69,-4.00171196|333,3.27412797|60,-8.35204311|162","transactionList":[{},{},{},{},{},{},{},{},{},{},{},{},{},{},{},{},{},{},{},{},{},{},{},{},{},{},{},{},{},{},{},{},{},{},{},{},{},{},{},{},{},{},{},{},{},{},{},{},{},{},{},{},{},{},{},{},{},{},{},{},{},{},{},{},{},{},{},{},{},{},{},{},{},{},{},{},{},[{"m":false,"l":3566783,"M":true,"q":"10.00000000","a":2668099,"T":1593625451793,"p":"0.00002501","f":3566783},{"m":true,"l":3566785,"M":true,"q":"844.00000000","a":2668100,"T":1593625471761,"p":"0.00002495","f":3566784},{"m":true,"l":3566786,"M":true,"q":"9.00000000","a":2668101,"T":1593625471761,"p":"0.00002494","f":3566786},{"m":true,"l":3566787,"M":true,"q":"17.00000000","a":2668102,"T":1593625471761,"p":"0.00002493","f":3566787},{"m":true,"l":3566788,"M":true,"q":"9.00000000","a":2668103,"T":1593625471761,"p":"0.00002492","f":3566788},{"m":true,"l":3566791,"M":true,"q":"76.00000000","a":2668104,"T":1593625471761,"p":"0.00002491","f":3566789},{"m":true,"l":3566794,"M":true,"q":"44.00000000","a":2668105,"T":1593625471761,"p":"0.00002490","f":3566792},{"m":true,"l":3566795,"M":true,"q":"2194.00000000","a":2668106,"T":1593625471761,"p":"0.00002489","f":3566795},{"m":true,"l":3566799,"M":true,"q":"6183.00000000","a":2668107,"T":1593625471761,"p":"0.00002488","f":3566796},{"m":true,"l":3566801,"M":true,"q":"1008.00000000","a":2668108,"T":1593625471761,"p":"0.00002487","f":3566800},{"m":true,"l":3566802,"M":true,"q":"28.00000000","a":2668109,"T":1593625471761,"p":"0.00002486","f":3566802},{"m":true,"l":3566803,"M":true,"q":"15.00000000","a":2668110,"T":1593625471761,"p":"0.00002485","f":3566803},{"m":true,"l":3566805,"M":true,"q":"497.00000000","a":2668111,"T":1593625471761,"p":"0.00002484","f":3566804},{"m":true,"l":3566821,"M":true,"q":"4069.00000000","a":2668112,"T":1593625471761,"p":"0.00002483","f":3566806},{"m":true,"l":3566822,"M":true,"q":"11.00000000","a":2668113,"T":1593625471761,"p":"0.00002481","f":3566822},{"m":true,"l":3566828,"M":true,"q":"16153.00000000","a":2668114,"T":1593625471761,"p":"0.00002480","f":3566823},{"m":true,"l":3566830,"M":true,"q":"2200.00000000","a":2668115,"T":1593625471820,"p":"0.00002481","f":3566829},{"m":false,"l":3566831,"M":true,"q":"362.00000000","a":2668116,"T":1593625472109,"p":"0.00002489","f":3566831},{"m":true,"l":3566832,"M":true,"q":"19.00000000","a":2668117,"T":1593625472529,"p":"0.00002480","f":3566832},{"m":true,"l":3566834,"M":true,"q":"421.00000000","a":2668118,"T":1593625472529,"p":"0.00002479","f":3566833},{"m":true,"l":3566835,"M":true,"q":"562.00000000","a":2668119,"T":1593625473187,"p":"0.00002480","f":3566835},{"m":true,"l":3566836,"M":true,"q":"1818.00000000","a":2668120,"T":1593625473187,"p":"0.00002479","f":3566836},{"m":true,"l":3566837,"M":true,"q":"1311.00000000","a":2668121,"T":1593625475856,"p":"0.00002479","f":3566837},{"m":false,"l":3566838,"M":true,"q":"6.00000000","a":2668122,"T":1593625477413,"p":"0.00002489","f":3566838},{"m":false,"l":3566840,"M":true,"q":"142.00000000","a":2668123,"T":1593625477413,"p":"0.00002490","f":3566839},{"m":true,"l":3566841,"M":true,"q":"355.00000000","a":2668124,"T":1593625477518,"p":"0.00002479","f":3566841},{"m":true,"l":3566842,"M":true,"q":"200.00000000","a":2668125,"T":1593625479101,"p":"0.00002479","f":3566842},{"m":false,"l":3566843,"M":true,"q":"128.00000000","a":2668126,"T":1593625481850,"p":"0.00002490","f":3566843},{"m":true,"l":3566845,"M":true,"q":"406.00000000","a":2668127,"T":1593625489812,"p":"0.00002482","f":3566844},{"m":true,"l":3566846,"M":true,"q":"15.00000000","a":2668128,"T":1593625489987,"p":"0.00002480","f":3566846},{"m":true,"l":3566847,"M":true,"q":"32.00000000","a":2668129,"T":1593625489989,"p":"0.00002479","f":3566847},{"m":true,"l":3566848,"M":true,"q":"1096.00000000","a":2668130,"T":1593625489990,"p":"0.00002479","f":3566848},{"m":true,"l":3566849,"M":true,"q":"10.00000000","a":2668131,"T":1593625489990,"p":"0.00002478","f":3566849},{"m":true,"l":3566854,"M":true,"q":"953.00000000","a":2668132,"T":1593625489990,"p":"0.00002477","f":3566850},{"m":true,"l":3566860,"M":true,"q":"1039.00000000","a":2668133,"T":1593625489990,"p":"0.00002475","f":3566855},{"m":false,"l":3566861,"M":true,"q":"80.00000000","a":2668134,"T":1593625490029,"p":"0.00002477","f":3566861},{"m":false,"l":3566862,"M":true,"q":"955.00000000","a":2668135,"T":1593625490029,"p":"0.00002484","f":3566862},{"m":true,"l":3566863,"M":true,"q":"73.00000000","a":2668136,"T":1593625490862,"p":"0.00002482","f":3566863},{"m":true,"l":3566864,"M":true,"q":"313.00000000","a":2668137,"T":1593625493161,"p":"0.00002479","f":3566864},{"m":false,"l":3566865,"M":true,"q":"102.00000000","a":2668138,"T":1593625494681,"p":"0.00002481","f":3566865},{"m":false,"l":3566866,"M":true,"q":"2.00000000","a":2668139,"T":1593625496307,"p":"0.00002487","f":3566866},{"m":true,"l":3566867,"M":true,"q":"184.00000000","a":2668140,"T":1593625506962,"p":"0.00002482","f":3566867},{"m":false,"l":3566868,"M":true,"q":"7.00000000","a":2668141,"T":1593625507038,"p":"0.00002487","f":3566868},{"m":false,"l":3566871,"M":true,"q":"911.00000000","a":2668142,"T":1593625508985,"p":"0.00002488","f":3566869},{"m":true,"l":3566872,"M":true,"q":"1937.00000000","a":2668143,"T":1593625509575,"p":"0.00002482","f":3566872},{"m":true,"l":3566873,"M":true,"q":"2002.00000000","a":2668144,"T":1593625509680,"p":"0.00002482","f":3566873},{"m":false,"l":3566874,"M":true,"q":"15.00000000","a":2668145,"T":1593625531879,"p":"0.00002488","f":3566874},{"m":false,"l":3566875,"M":true,"q":"854.00000000","a":2668146,"T":1593625540804,"p":"0.00002488","f":3566875},{"m":false,"l":3566876,"M":true,"q":"2139.00000000","a":2668147,"T":1593625542183,"p":"0.00002488","f":3566876},{"m":false,"l":3566877,"M":true,"q":"200.00000000","a":2668148,"T":1593625544195,"p":"0.00002488","f":3566877},{"m":false,"l":3566878,"M":true,"q":"338.00000000","a":2668149,"T":1593625545698,"p":"0.00002488","f":3566878}],[{"m":false,"E":1593647789355,"l":3570142,"M":true,"q":"2373.00000000","s":"ONGBTC","a":2670183,"T":1593647789354,"e":"aggTrade","p":"0.00002618","f":3570141},{"m":false,"E":1593647789355,"l":3570147,"M":true,"q":"2970.00000000","s":"ONGBTC","a":2670184,"T":1593647789354,"e":"aggTrade","p":"0.00002619","f":3570143},{"m":true,"E":1593647795602,"l":3570148,"M":true,"q":"12.00000000","s":"ONGBTC","a":2670185,"T":1593647795600,"e":"aggTrade","p":"0.00002608","f":3570148},{"m":true,"E":1593647795602,"l":3570149,"M":true,"q":"15.00000000","s":"ONGBTC","a":2670186,"T":1593647795600,"e":"aggTrade","p":"0.00002606","f":3570149},{"m":true,"E":1593647795602,"l":3570150,"M":true,"q":"1.00000000","s":"ONGBTC","a":2670187,"T":1593647795600,"e":"aggTrade","p":"0.00002605","f":3570150},{"m":true,"E":1593647795602,"l":3570151,"M":true,"q":"8.00000000","s":"ONGBTC","a":2670188,"T":1593647795600,"e":"aggTrade","p":"0.00002604","f":3570151},{"m":true,"E":1593647795602,"l":3570152,"M":true,"q":"12.00000000","s":"ONGBTC","a":2670189,"T":1593647795600,"e":"aggTrade","p":"0.00002603","f":3570152},{"m":true,"E":1593647795602,"l":3570154,"M":true,"q":"445.00000000","s":"ONGBTC","a":2670190,"T":1593647795600,"e":"aggTrade","p":"0.00002602","f":3570153},{"m":true,"E":1593647795602,"l":3570155,"M":true,"q":"416.00000000","s":"ONGBTC","a":2670191,"T":1593647795600,"e":"aggTrade","p":"0.00002601","f":3570155},{"m":false,"E":1593647811036,"l":3570156,"M":true,"q":"1.00000000","s":"ONGBTC","a":2670192,"T":1593647811035,"e":"aggTrade","p":"0.00002613","f":3570156},{"m":true,"E":1593647830616,"l":3570157,"M":true,"q":"995.00000000","s":"ONGBTC","a":2670193,"T":1593647830615,"e":"aggTrade","p":"0.00002603","f":3570157}],[{"m":true,"E":1593670622649,"l":3576913,"M":true,"q":"81.00000000","s":"ONGBTC","a":2674068,"T":1593670622648,"e":"aggTrade","p":"0.00002360","f":3576913},{"m":true,"E":1593670633472,"l":3576914,"M":true,"q":"17.00000000","s":"ONGBTC","a":2674069,"T":1593670633471,"e":"aggTrade","p":"0.00002360","f":3576914},{"m":true,"E":1593670633490,"l":3576915,"M":true,"q":"1.00000000","s":"ONGBTC","a":2674070,"T":1593670633489,"e":"aggTrade","p":"0.00002360","f":3576915},{"m":true,"E":1593670633490,"l":3576916,"M":true,"q":"9.00000000","s":"ONGBTC","a":2674071,"T":1593670633489,"e":"aggTrade","p":"0.00002352","f":3576916},{"m":true,"E":1593670633490,"l":3576917,"M":true,"q":"7.00000000","s":"ONGBTC","a":2674072,"T":1593670633489,"e":"aggTrade","p":"0.00002351","f":3576917},{"m":true,"E":1593670655790,"l":3576918,"M":true,"q":"7.00000000","s":"ONGBTC","a":2674073,"T":1593670655789,"e":"aggTrade","p":"0.00002351","f":3576918},{"m":false,"E":1593670666312,"l":3576919,"M":true,"q":"13.00000000","s":"ONGBTC","a":2674074,"T":1593670666311,"e":"aggTrade","p":"0.00002351","f":3576919},{"m":false,"E":1593670678521,"l":3576920,"M":true,"q":"40.00000000","s":"ONGBTC","a":2674075,"T":1593670678520,"e":"aggTrade","p":"0.00002351","f":3576920},{"m":false,"E":1593670683312,"l":3576921,"M":true,"q":"10.00000000","s":"ONGBTC","a":2674076,"T":1593670683311,"e":"aggTrade","p":"0.00002351","f":3576921},{"m":false,"E":1593670688181,"l":3576922,"M":true,"q":"428.00000000","s":"ONGBTC","a":2674077,"T":1593670688180,"e":"aggTrade","p":"0.00002351","f":3576922},{"m":false,"E":1593670694159,"l":3576923,"M":true,"q":"636.00000000","s":"ONGBTC","a":2674078,"T":1593670694158,"e":"aggTrade","p":"0.00002351","f":3576923},{"m":false,"E":1593670707206,"l":3576924,"M":true,"q":"10.00000000","s":"ONGBTC","a":2674079,"T":1593670707205,"e":"aggTrade","p":"0.00002351","f":3576924}],[{"m":true,"E":1593674789200,"l":3578286,"M":true,"q":"34.00000000","s":"ONGBTC","a":2674773,"T":1593674789199,"e":"aggTrade","p":"0.00002417","f":3578286},{"m":true,"E":1593674789205,"l":3578287,"M":true,"q":"424.00000000","s":"ONGBTC","a":2674774,"T":1593674789204,"e":"aggTrade","p":"0.00002417","f":3578287},{"m":true,"E":1593674789209,"l":3578288,"M":true,"q":"31.00000000","s":"ONGBTC","a":2674775,"T":1593674789208,"e":"aggTrade","p":"0.00002417","f":3578288},{"m":false,"E":1593674796726,"l":3578292,"M":true,"q":"7174.00000000","s":"ONGBTC","a":2674776,"T":1593674796725,"e":"aggTrade","p":"0.00002419","f":3578289},{"m":false,"E":1593674796775,"l":3578293,"M":true,"q":"13.00000000","s":"ONGBTC","a":2674777,"T":1593674796773,"e":"aggTrade","p":"0.00002420","f":3578293},{"m":false,"E":1593674796790,"l":3578296,"M":true,"q":"63.00000000","s":"ONGBTC","a":2674778,"T":1593674796789,"e":"aggTrade","p":"0.00002421","f":3578294},{"m":false,"E":1593674796831,"l":3578299,"M":true,"q":"79.00000000","s":"ONGBTC","a":2674779,"T":1593674796830,"e":"aggTrade","p":"0.00002422","f":3578297},{"m":true,"E":1593674796874,"l":3578300,"M":true,"q":"749.00000000","s":"ONGBTC","a":2674780,"T":1593674796872,"e":"aggTrade","p":"0.00002420","f":3578300},{"m":true,"E":1593674796874,"l":3578301,"M":true,"q":"229.00000000","s":"ONGBTC","a":2674781,"T":1593674796872,"e":"aggTrade","p":"0.00002419","f":3578301},{"m":true,"E":1593674805520,"l":3578302,"M":true,"q":"3742.00000000","s":"ONGBTC","a":2674782,"T":1593674805518,"e":"aggTrade","p":"0.00002419","f":3578302},{"m":false,"E":1593674807200,"l":3578304,"M":true,"q":"33.00000000","s":"ONGBTC","a":2674783,"T":1593674807197,"e":"aggTrade","p":"0.00002423","f":3578303},{"m":false,"E":1593674807200,"l":3578307,"M":true,"q":"98.00000000","s":"ONGBTC","a":2674784,"T":1593674807197,"e":"aggTrade","p":"0.00002424","f":3578305},{"m":false,"E":1593674807200,"l":3578310,"M":true,"q":"49.00000000","s":"ONGBTC","a":2674785,"T":1593674807197,"e":"aggTrade","p":"0.00002425","f":3578308},{"m":false,"E":1593674807200,"l":3578316,"M":true,"q":"88.00000000","s":"ONGBTC","a":2674786,"T":1593674807197,"e":"aggTrade","p":"0.00002426","f":3578311},{"m":false,"E":1593674807200,"l":3578320,"M":true,"q":"1063.00000000","s":"ONGBTC","a":2674787,"T":1593674807197,"e":"aggTrade","p":"0.00002427","f":3578317},{"m":false,"E":1593674807200,"l":3578321,"M":true,"q":"10.00000000","s":"ONGBTC","a":2674788,"T":1593674807197,"e":"aggTrade","p":"0.00002428","f":3578321},{"m":false,"E":1593674807200,"l":3578324,"M":true,"q":"687.00000000","s":"ONGBTC","a":2674789,"T":1593674807197,"e":"aggTrade","p":"0.00002429","f":3578322},{"m":false,"E":1593674807200,"l":3578326,"M":true,"q":"68.00000000","s":"ONGBTC","a":2674790,"T":1593674807197,"e":"aggTrade","p":"0.00002430","f":3578325},{"m":true,"E":1593674807211,"l":3578327,"M":true,"q":"39.00000000","s":"ONGBTC","a":2674791,"T":1593674807209,"e":"aggTrade","p":"0.00002430","f":3578327},{"m":true,"E":1593674807216,"l":3578328,"M":true,"q":"4316.00000000","s":"ONGBTC","a":2674792,"T":1593674807212,"e":"aggTrade","p":"0.00002430","f":3578328},{"m":true,"E":1593674807216,"l":3578329,"M":true,"q":"4090.00000000","s":"ONGBTC","a":2674793,"T":1593674807213,"e":"aggTrade","p":"0.00002430","f":3578329},{"m":true,"E":1593674807216,"l":3578330,"M":true,"q":"79.00000000","s":"ONGBTC","a":2674794,"T":1593674807213,"e":"aggTrade","p":"0.00002430","f":3578330},{"m":true,"E":1593674807225,"l":3578331,"M":true,"q":"35.00000000","s":"ONGBTC","a":2674795,"T":1593674807224,"e":"aggTrade","p":"0.00002430","f":3578331},{"m":true,"E":1593674807226,"l":3578332,"M":true,"q":"574.00000000","s":"ONGBTC","a":2674796,"T":1593674807224,"e":"aggTrade","p":"0.00002430","f":3578332},{"m":true,"E":1593674807234,"l":3578333,"M":true,"q":"2220.00000000","s":"ONGBTC","a":2674797,"T":1593674807233,"e":"aggTrade","p":"0.00002430","f":3578333},{"m":true,"E":1593674807449,"l":3578334,"M":true,"q":"3211.00000000","s":"ONGBTC","a":2674798,"T":1593674807448,"e":"aggTrade","p":"0.00002430","f":3578334},{"m":true,"E":1593674808922,"l":3578335,"M":true,"q":"749.00000000","s":"ONGBTC","a":2674799,"T":1593674808921,"e":"aggTrade","p":"0.00002420","f":3578335},{"m":true,"E":1593674808922,"l":3578336,"M":true,"q":"1659.00000000","s":"ONGBTC","a":2674800,"T":1593674808921,"e":"aggTrade","p":"0.00002419","f":3578336},{"m":false,"E":1593674812479,"l":3578338,"M":true,"q":"2139.00000000","s":"ONGBTC","a":2674801,"T":1593674812477,"e":"aggTrade","p":"0.00002429","f":3578337},{"m":true,"E":1593674812707,"l":3578339,"M":true,"q":"2040.00000000","s":"ONGBTC","a":2674802,"T":1593674812706,"e":"aggTrade","p":"0.00002429","f":3578339},{"m":true,"E":1593674813845,"l":3578340,"M":true,"q":"729.00000000","s":"ONGBTC","a":2674803,"T":1593674813843,"e":"aggTrade","p":"0.00002429","f":3578340},{"m":true,"E":1593674818137,"l":3578341,"M":true,"q":"92.00000000","s":"ONGBTC","a":2674804,"T":1593674818135,"e":"aggTrade","p":"0.00002429","f":3578341},{"m":true,"E":1593674823168,"l":3578342,"M":true,"q":"749.00000000","s":"ONGBTC","a":2674805,"T":1593674823167,"e":"aggTrade","p":"0.00002421","f":3578342},{"m":true,"E":1593674823168,"l":3578343,"M":true,"q":"13.00000000","s":"ONGBTC","a":2674806,"T":1593674823167,"e":"aggTrade","p":"0.00002420","f":3578343},{"m":true,"E":1593674823168,"l":3578344,"M":true,"q":"105.00000000","s":"ONGBTC","a":2674807,"T":1593674823167,"e":"aggTrade","p":"0.00002419","f":3578344},{"m":true,"E":1593674824364,"l":3578345,"M":true,"q":"212.00000000","s":"ONGBTC","a":2674808,"T":1593674824363,"e":"aggTrade","p":"0.00002419","f":3578345},{"m":true,"E":1593674830102,"l":3578346,"M":true,"q":"508.00000000","s":"ONGBTC","a":2674809,"T":1593674830101,"e":"aggTrade","p":"0.00002419","f":3578346},{"m":false,"E":1593674831023,"l":3578347,"M":true,"q":"5.00000000","s":"ONGBTC","a":2674810,"T":1593674831021,"e":"aggTrade","p":"0.00002425","f":3578347},{"m":false,"E":1593674831023,"l":3578348,"M":true,"q":"13.00000000","s":"ONGBTC","a":2674811,"T":1593674831021,"e":"aggTrade","p":"0.00002429","f":3578348},{"m":true,"E":1593674831037,"l":3578349,"M":true,"q":"823.00000000","s":"ONGBTC","a":2674812,"T":1593674831036,"e":"aggTrade","p":"0.00002429","f":3578349},{"m":true,"E":1593674831141,"l":3578350,"M":true,"q":"749.00000000","s":"ONGBTC","a":2674813,"T":1593674831140,"e":"aggTrade","p":"0.00002429","f":3578350},{"m":true,"E":1593674833104,"l":3578351,"M":true,"q":"342.00000000","s":"ONGBTC","a":2674814,"T":1593674833103,"e":"aggTrade","p":"0.00002429","f":3578351},{"m":true,"E":1593674843459,"l":3578352,"M":true,"q":"67.00000000","s":"ONGBTC","a":2674815,"T":1593674843458,"e":"aggTrade","p":"0.00002429","f":3578352},{"m":false,"E":1593674850165,"l":3578353,"M":true,"q":"438.00000000","s":"ONGBTC","a":2674816,"T":1593674850164,"e":"aggTrade","p":"0.00002429","f":3578353},{"m":false,"E":1593674853177,"l":3578354,"M":true,"q":"6.00000000","s":"ONGBTC","a":2674817,"T":1593674853175,"e":"aggTrade","p":"0.00002429","f":3578354},{"m":false,"E":1593674853177,"l":3578355,"M":true,"q":"9.00000000","s":"ONGBTC","a":2674818,"T":1593674853175,"e":"aggTrade","p":"0.00002431","f":3578355},{"m":true,"E":1593674862271,"l":3578356,"M":true,"q":"41.00000000","s":"ONGBTC","a":2674819,"T":1593674862270,"e":"aggTrade","p":"0.00002422","f":3578356},{"m":true,"E":1593674863264,"l":3578357,"M":true,"q":"9.00000000","s":"ONGBTC","a":2674820,"T":1593674863263,"e":"aggTrade","p":"0.00002422","f":3578357},{"m":false,"E":1593674865255,"l":3578358,"M":true,"q":"17.00000000","s":"ONGBTC","a":2674821,"T":1593674865254,"e":"aggTrade","p":"0.00002431","f":3578358},{"m":false,"E":1593674871111,"l":3578359,"M":true,"q":"438.00000000","s":"ONGBTC","a":2674822,"T":1593674871110,"e":"aggTrade","p":"0.00002431","f":3578359}],[{"m":false,"E":1593694766224,"l":3582173,"M":true,"q":"195.00000000","s":"ONGBTC","a":2677149,"T":1593694766222,"e":"aggTrade","p":"0.00002340","f":3582173},{"m":false,"E":1593694766233,"l":3582174,"M":true,"q":"195.00000000","s":"ONGBTC","a":2677150,"T":1593694766231,"e":"aggTrade","p":"0.00002340","f":3582174},{"m":false,"E":1593694769772,"l":3582175,"M":true,"q":"16.00000000","s":"ONGBTC","a":2677151,"T":1593694769771,"e":"aggTrade","p":"0.00002340","f":3582175},{"m":true,"E":1593694771111,"l":3582176,"M":true,"q":"479.00000000","s":"ONGBTC","a":2677152,"T":1593694771109,"e":"aggTrade","p":"0.00002337","f":3582176},{"m":true,"E":1593694771111,"l":3582178,"M":true,"q":"6972.00000000","s":"ONGBTC","a":2677153,"T":1593694771109,"e":"aggTrade","p":"0.00002335","f":3582177},{"m":true,"E":1593694771111,"l":3582179,"M":true,"q":"1639.00000000","s":"ONGBTC","a":2677154,"T":1593694771109,"e":"aggTrade","p":"0.00002334","f":3582179},{"m":false,"E":1593694775231,"l":3582180,"M":true,"q":"594.00000000","s":"ONGBTC","a":2677155,"T":1593694775230,"e":"aggTrade","p":"0.00002340","f":3582180},{"m":false,"E":1593694775242,"l":3582181,"M":true,"q":"620.00000000","s":"ONGBTC","a":2677156,"T":1593694775241,"e":"aggTrade","p":"0.00002340","f":3582181},{"m":false,"E":1593694795318,"l":3582182,"M":true,"q":"68.00000000","s":"ONGBTC","a":2677157,"T":1593694795317,"e":"aggTrade","p":"0.00002339","f":3582182},{"m":true,"E":1593694806909,"l":3582183,"M":true,"q":"888.00000000","s":"ONGBTC","a":2677158,"T":1593694806907,"e":"aggTrade","p":"0.00002338","f":3582183},{"m":true,"E":1593694815216,"l":3582184,"M":true,"q":"102.00000000","s":"ONGBTC","a":2677159,"T":1593694815215,"e":"aggTrade","p":"0.00002338","f":3582184},{"m":true,"E":1593694815216,"l":3582185,"M":true,"q":"398.00000000","s":"ONGBTC","a":2677160,"T":1593694815215,"e":"aggTrade","p":"0.00002335","f":3582185},{"m":false,"E":1593694815326,"l":3582186,"M":true,"q":"343.00000000","s":"ONGBTC","a":2677161,"T":1593694815325,"e":"aggTrade","p":"0.00002339","f":3582186},{"m":true,"E":1593694819789,"l":3582187,"M":true,"q":"806.00000000","s":"ONGBTC","a":2677162,"T":1593694819788,"e":"aggTrade","p":"0.00002335","f":3582187},{"m":true,"E":1593694820120,"l":3582190,"M":true,"q":"3209.00000000","s":"ONGBTC","a":2677163,"T":1593694820119,"e":"aggTrade","p":"0.00002335","f":3582188},{"m":false,"E":1593694820130,"l":3582191,"M":true,"q":"349.00000000","s":"ONGBTC","a":2677164,"T":1593694820129,"e":"aggTrade","p":"0.00002335","f":3582191},{"m":false,"E":1593694834925,"l":3582192,"M":true,"q":"6.00000000","s":"ONGBTC","a":2677165,"T":1593694834923,"e":"aggTrade","p":"0.00002339","f":3582192},{"m":true,"E":1593694837739,"l":3582193,"M":true,"q":"1084.00000000","s":"ONGBTC","a":2677166,"T":1593694837738,"e":"aggTrade","p":"0.00002335","f":3582193},{"m":true,"E":1593694845094,"l":3582194,"M":true,"q":"10.00000000","s":"ONGBTC","a":2677167,"T":1593694845092,"e":"aggTrade","p":"0.00002336","f":3582194},{"m":true,"E":1593694845094,"l":3582195,"M":true,"q":"3276.00000000","s":"ONGBTC","a":2677168,"T":1593694845092,"e":"aggTrade","p":"0.00002335","f":3582195},{"m":true,"E":1593694845094,"l":3582196,"M":true,"q":"988.00000000","s":"ONGBTC","a":2677169,"T":1593694845092,"e":"aggTrade","p":"0.00002334","f":3582196},{"m":true,"E":1593694852274,"l":3582197,"M":true,"q":"132.00000000","s":"ONGBTC","a":2677170,"T":1593694852273,"e":"aggTrade","p":"0.00002335","f":3582197},{"m":false,"E":1593694854329,"l":3582198,"M":true,"q":"123.00000000","s":"ONGBTC","a":2677171,"T":1593694854328,"e":"aggTrade","p":"0.00002339","f":3582198}],[{"m":false,"E":1593698398713,"l":3583474,"M":true,"q":"11.00000000","s":"ONGBTC","a":2677962,"T":1593698398712,"e":"aggTrade","p":"0.00002410","f":3583473},{"m":false,"E":1593698398713,"l":3583475,"M":true,"q":"1117.00000000","s":"ONGBTC","a":2677963,"T":1593698398712,"e":"aggTrade","p":"0.00002411","f":3583475},{"m":true,"E":1593698407751,"l":3583476,"M":true,"q":"14.00000000","s":"ONGBTC","a":2677964,"T":1593698407750,"e":"aggTrade","p":"0.00002403","f":3583476},{"m":true,"E":1593698407751,"l":3583478,"M":true,"q":"891.00000000","s":"ONGBTC","a":2677965,"T":1593698407750,"e":"aggTrade","p":"0.00002402","f":3583477},{"m":true,"E":1593698411137,"l":3583479,"M":true,"q":"14.00000000","s":"ONGBTC","a":2677966,"T":1593698411136,"e":"aggTrade","p":"0.00002403","f":3583479},{"m":true,"E":1593698411137,"l":3583480,"M":true,"q":"527.00000000","s":"ONGBTC","a":2677967,"T":1593698411136,"e":"aggTrade","p":"0.00002402","f":3583480},{"m":true,"E":1593698413108,"l":3583481,"M":true,"q":"14.00000000","s":"ONGBTC","a":2677968,"T":1593698413107,"e":"aggTrade","p":"0.00002403","f":3583481},{"m":true,"E":1593698413108,"l":3583482,"M":true,"q":"527.00000000","s":"ONGBTC","a":2677969,"T":1593698413107,"e":"aggTrade","p":"0.00002402","f":3583482},{"m":false,"E":1593698415803,"l":3583483,"M":true,"q":"703.00000000","s":"ONGBTC","a":2677970,"T":1593698415801,"e":"aggTrade","p":"0.00002411","f":3583483},{"m":false,"E":1593698425337,"l":3583484,"M":true,"q":"34.00000000","s":"ONGBTC","a":2677971,"T":1593698425336,"e":"aggTrade","p":"0.00002411","f":3583484},{"m":true,"E":1593698425648,"l":3583485,"M":true,"q":"14.00000000","s":"ONGBTC","a":2677972,"T":1593698425646,"e":"aggTrade","p":"0.00002403","f":3583485},{"m":true,"E":1593698425648,"l":3583488,"M":true,"q":"2381.00000000","s":"ONGBTC","a":2677973,"T":1593698425646,"e":"aggTrade","p":"0.00002402","f":3583486},{"m":false,"E":1593698425655,"l":3583489,"M":true,"q":"41.00000000","s":"ONGBTC","a":2677974,"T":1593698425654,"e":"aggTrade","p":"0.00002402","f":3583489},{"m":false,"E":1593698425658,"l":3583490,"M":true,"q":"257.00000000","s":"ONGBTC","a":2677975,"T":1593698425656,"e":"aggTrade","p":"0.00002402","f":3583490},{"m":false,"E":1593698431717,"l":3583491,"M":true,"q":"157.00000000","s":"ONGBTC","a":2677976,"T":1593698431716,"e":"aggTrade","p":"0.00002411","f":3583491},{"m":false,"E":1593698436403,"l":3583492,"M":true,"q":"640.00000000","s":"ONGBTC","a":2677977,"T":1593698436401,"e":"aggTrade","p":"0.00002411","f":3583492},{"m":false,"E":1593698436403,"l":3583493,"M":true,"q":"36.00000000","s":"ONGBTC","a":2677978,"T":1593698436401,"e":"aggTrade","p":"0.00002412","f":3583493},{"m":false,"E":1593698451506,"l":3583494,"M":true,"q":"128.00000000","s":"ONGBTC","a":2677979,"T":1593698451505,"e":"aggTrade","p":"0.00002412","f":3583494},{"m":true,"E":1593698452184,"l":3583495,"M":true,"q":"124.00000000","s":"ONGBTC","a":2677980,"T":1593698452183,"e":"aggTrade","p":"0.00002412","f":3583495},{"m":true,"E":1593698457116,"l":3583496,"M":true,"q":"539.00000000","s":"ONGBTC","a":2677981,"T":1593698457115,"e":"aggTrade","p":"0.00002412","f":3583496},{"m":false,"E":1593698457189,"l":3583497,"M":true,"q":"2.00000000","s":"ONGBTC","a":2677982,"T":1593698457187,"e":"aggTrade","p":"0.00002414","f":3583497},{"m":true,"E":1593698458089,"l":3583498,"M":true,"q":"730.00000000","s":"ONGBTC","a":2677983,"T":1593698458088,"e":"aggTrade","p":"0.00002412","f":3583498},{"m":false,"E":1593698463379,"l":3583501,"M":true,"q":"41.00000000","s":"ONGBTC","a":2677984,"T":1593698463377,"e":"aggTrade","p":"0.00002414","f":3583499},{"m":false,"E":1593698465421,"l":3583502,"M":true,"q":"178.00000000","s":"ONGBTC","a":2677985,"T":1593698465420,"e":"aggTrade","p":"0.00002412","f":3583502},{"m":false,"E":1593698465421,"l":3583503,"M":true,"q":"966.00000000","s":"ONGBTC","a":2677986,"T":1593698465420,"e":"aggTrade","p":"0.00002414","f":3583503},{"m":true,"E":1593698468523,"l":3583504,"M":true,"q":"13.00000000","s":"ONGBTC","a":2677987,"T":1593698468522,"e":"aggTrade","p":"0.00002403","f":3583504},{"m":true,"E":1593698468540,"l":3583505,"M":true,"q":"134.00000000","s":"ONGBTC","a":2677988,"T":1593698468538,"e":"aggTrade","p":"0.00002403","f":3583505},{"m":true,"E":1593698468560,"l":3583506,"M":true,"q":"24.00000000","s":"ONGBTC","a":2677989,"T":1593698468559,"e":"aggTrade","p":"0.00002403","f":3583506},{"m":true,"E":1593698468580,"l":3583507,"M":true,"q":"19.00000000","s":"ONGBTC","a":2677990,"T":1593698468579,"e":"aggTrade","p":"0.00002403","f":3583507},{"m":true,"E":1593698468608,"l":3583508,"M":true,"q":"83.00000000","s":"ONGBTC","a":2677991,"T":1593698468607,"e":"aggTrade","p":"0.00002403","f":3583508},{"m":true,"E":1593698468629,"l":3583511,"M":true,"q":"2533.00000000","s":"ONGBTC","a":2677992,"T":1593698468626,"e":"aggTrade","p":"0.00002403","f":3583509},{"m":true,"E":1593698468629,"l":3583513,"M":true,"q":"2424.00000000","s":"ONGBTC","a":2677993,"T":1593698468626,"e":"aggTrade","p":"0.00002402","f":3583512},{"m":true,"E":1593698468629,"l":3583517,"M":true,"q":"3168.00000000","s":"ONGBTC","a":2677994,"T":1593698468626,"e":"aggTrade","p":"0.00002401","f":3583514},{"m":true,"E":1593698468629,"l":3583520,"M":true,"q":"8764.00000000","s":"ONGBTC","a":2677995,"T":1593698468626,"e":"aggTrade","p":"0.00002400","f":3583518},{"m":true,"E":1593698468629,"l":3583522,"M":true,"q":"12141.00000000","s":"ONGBTC","a":2677996,"T":1593698468626,"e":"aggTrade","p":"0.00002398","f":3583521},{"m":true,"E":1593698468629,"l":3583524,"M":true,"q":"3893.00000000","s":"ONGBTC","a":2677997,"T":1593698468626,"e":"aggTrade","p":"0.00002397","f":3583523},{"m":true,"E":1593698468638,"l":3583525,"M":true,"q":"31.00000000","s":"ONGBTC","a":2677998,"T":1593698468637,"e":"aggTrade","p":"0.00002398","f":3583525},{"m":false,"E":1593698473577,"l":3583527,"M":true,"q":"63.00000000","s":"ONGBTC","a":2677999,"T":1593698473576,"e":"aggTrade","p":"0.00002407","f":3583526},{"m":false,"E":1593698474697,"l":3583529,"M":true,"q":"103.00000000","s":"ONGBTC","a":2678000,"T":1593698474696,"e":"aggTrade","p":"0.00002406","f":3583528},{"m":true,"E":1593698475724,"l":3583531,"M":true,"q":"3174.00000000","s":"ONGBTC","a":2678001,"T":1593698475722,"e":"aggTrade","p":"0.00002398","f":3583530},{"m":true,"E":1593698475724,"l":3583535,"M":true,"q":"9561.00000000","s":"ONGBTC","a":2678002,"T":1593698475722,"e":"aggTrade","p":"0.00002397","f":3583532},{"m":false,"E":1593698475729,"l":3583536,"M":true,"q":"3946.00000000","s":"ONGBTC","a":2678003,"T":1593698475728,"e":"aggTrade","p":"0.00002397","f":3583536},{"m":false,"E":1593698475734,"l":3583537,"M":true,"q":"34.00000000","s":"ONGBTC","a":2678004,"T":1593698475730,"e":"aggTrade","p":"0.00002397","f":3583537},{"m":false,"E":1593698475742,"l":3583538,"M":true,"q":"541.00000000","s":"ONGBTC","a":2678005,"T":1593698475737,"e":"aggTrade","p":"0.00002397","f":3583538},{"m":false,"E":1593698475755,"l":3583539,"M":true,"q":"1012.00000000","s":"ONGBTC","a":2678006,"T":1593698475753,"e":"aggTrade","p":"0.00002404","f":3583539},{"m":false,"E":1593698475755,"l":3583543,"M":true,"q":"49.00000000","s":"ONGBTC","a":2678007,"T":1593698475753,"e":"aggTrade","p":"0.00002410","f":3583540},{"m":false,"E":1593698475755,"l":3583545,"M":true,"q":"878.00000000","s":"ONGBTC","a":2678008,"T":1593698475753,"e":"aggTrade","p":"0.00002414","f":3583544},{"m":false,"E":1593698475755,"l":3583552,"M":true,"q":"378.00000000","s":"ONGBTC","a":2678009,"T":1593698475753,"e":"aggTrade","p":"0.00002415","f":3583546},{"m":false,"E":1593698475755,"l":3583555,"M":true,"q":"1616.00000000","s":"ONGBTC","a":2678010,"T":1593698475753,"e":"aggTrade","p":"0.00002416","f":3583553},{"m":false,"E":1593698477058,"l":3583556,"M":true,"q":"2.00000000","s":"ONGBTC","a":2678011,"T":1593698477057,"e":"aggTrade","p":"0.00002405","f":3583556},{"m":false,"E":1593698478132,"l":3583557,"M":true,"q":"9.00000000","s":"ONGBTC","a":2678012,"T":1593698478131,"e":"aggTrade","p":"0.00002404","f":3583557},{"m":false,"E":1593698478188,"l":3583558,"M":true,"q":"13.00000000","s":"ONGBTC","a":2678013,"T":1593698478187,"e":"aggTrade","p":"0.00002404","f":3583558},{"m":true,"E":1593698478259,"l":3583559,"M":true,"q":"36.00000000","s":"ONGBTC","a":2678014,"T":1593698478258,"e":"aggTrade","p":"0.00002403","f":3583559},{"m":false,"E":1593698478263,"l":3583560,"M":true,"q":"16.00000000","s":"ONGBTC","a":2678015,"T":1593698478262,"e":"aggTrade","p":"0.00002403","f":3583560},{"m":false,"E":1593698479397,"l":3583561,"M":true,"q":"6.00000000","s":"ONGBTC","a":2678016,"T":1593698479396,"e":"aggTrade","p":"0.00002403","f":3583561},{"m":false,"E":1593698480218,"l":3583562,"M":true,"q":"140.00000000","s":"ONGBTC","a":2678017,"T":1593698480217,"e":"aggTrade","p":"0.00002403","f":3583562},{"m":false,"E":1593698486711,"l":3583563,"M":true,"q":"2.00000000","s":"ONGBTC","a":2678018,"T":1593698486710,"e":"aggTrade","p":"0.00002403","f":3583563},{"m":false,"E":1593698494038,"l":3583564,"M":true,"q":"603.00000000","s":"ONGBTC","a":2678019,"T":1593698494037,"e":"aggTrade","p":"0.00002403","f":3583564},{"m":false,"E":1593698494040,"l":3583565,"M":true,"q":"2889.00000000","s":"ONGBTC","a":2678020,"T":1593698494038,"e":"aggTrade","p":"0.00002403","f":3583565},{"m":true,"E":1593698494070,"l":3583566,"M":true,"q":"18.00000000","s":"ONGBTC","a":2678021,"T":1593698494068,"e":"aggTrade","p":"0.00002402","f":3583566},{"m":true,"E":1593698494070,"l":3583568,"M":true,"q":"29.00000000","s":"ONGBTC","a":2678022,"T":1593698494068,"e":"aggTrade","p":"0.00002401","f":3583567},{"m":true,"E":1593698494070,"l":3583570,"M":true,"q":"22.00000000","s":"ONGBTC","a":2678023,"T":1593698494068,"e":"aggTrade","p":"0.00002400","f":3583569},{"m":true,"E":1593698494070,"l":3583571,"M":true,"q":"11.00000000","s":"ONGBTC","a":2678024,"T":1593698494068,"e":"aggTrade","p":"0.00002398","f":3583571},{"m":true,"E":1593698494070,"l":3583572,"M":true,"q":"238.00000000","s":"ONGBTC","a":2678025,"T":1593698494068,"e":"aggTrade","p":"0.00002396","f":3583572},{"m":true,"E":1593698494070,"l":3583574,"M":true,"q":"17.00000000","s":"ONGBTC","a":2678026,"T":1593698494068,"e":"aggTrade","p":"0.00002394","f":3583573},{"m":true,"E":1593698494070,"l":3583578,"M":true,"q":"95.00000000","s":"ONGBTC","a":2678027,"T":1593698494068,"e":"aggTrade","p":"0.00002392","f":3583575},{"m":true,"E":1593698494092,"l":3583579,"M":true,"q":"769.00000000","s":"ONGBTC","a":2678028,"T":1593698494091,"e":"aggTrade","p":"0.00002392","f":3583579},{"m":false,"E":1593698494888,"l":3583580,"M":true,"q":"111.00000000","s":"ONGBTC","a":2678029,"T":1593698494887,"e":"aggTrade","p":"0.00002401","f":3583580},{"m":false,"E":1593698494892,"l":3583581,"M":true,"q":"14.00000000","s":"ONGBTC","a":2678030,"T":1593698494891,"e":"aggTrade","p":"0.00002402","f":3583581},{"m":false,"E":1593698494915,"l":3583582,"M":true,"q":"448.00000000","s":"ONGBTC","a":2678031,"T":1593698494914,"e":"aggTrade","p":"0.00002403","f":3583582},{"m":false,"E":1593698494937,"l":3583585,"M":true,"q":"5840.00000000","s":"ONGBTC","a":2678032,"T":1593698494935,"e":"aggTrade","p":"0.00002403","f":3583583},{"m":false,"E":1593698495197,"l":3583586,"M":true,"q":"224.00000000","s":"ONGBTC","a":2678033,"T":1593698495196,"e":"aggTrade","p":"0.00002406","f":3583586},{"m":false,"E":1593698495320,"l":3583587,"M":true,"q":"501.00000000","s":"ONGBTC","a":2678034,"T":1593698495319,"e":"aggTrade","p":"0.00002406","f":3583587},{"m":false,"E":1593698495321,"l":3583588,"M":true,"q":"30.00000000","s":"ONGBTC","a":2678035,"T":1593698495320,"e":"aggTrade","p":"0.00002406","f":3583588},{"m":false,"E":1593698495326,"l":3583590,"M":true,"q":"3204.00000000","s":"ONGBTC","a":2678036,"T":1593698495325,"e":"aggTrade","p":"0.00002406","f":3583589},{"m":false,"E":1593698495349,"l":3583591,"M":true,"q":"345.00000000","s":"ONGBTC","a":2678037,"T":1593698495347,"e":"aggTrade","p":"0.00002412","f":3583591},{"m":false,"E":1593698495354,"l":3583592,"M":true,"q":"343.00000000","s":"ONGBTC","a":2678038,"T":1593698495352,"e":"aggTrade","p":"0.00002412","f":3583592},{"m":true,"E":1593698496376,"l":3583593,"M":true,"q":"8.00000000","s":"ONGBTC","a":2678039,"T":1593698496375,"e":"aggTrade","p":"0.00002403","f":3583593},{"m":false,"E":1593698496385,"l":3583594,"M":true,"q":"5.00000000","s":"ONGBTC","a":2678040,"T":1593698496384,"e":"aggTrade","p":"0.00002401","f":3583594},{"m":false,"E":1593698499517,"l":3583595,"M":true,"q":"9.00000000","s":"ONGBTC","a":2678041,"T":1593698499515,"e":"aggTrade","p":"0.00002404","f":3583595},{"m":false,"E":1593698499517,"l":3583596,"M":true,"q":"6.00000000","s":"ONGBTC","a":2678042,"T":1593698499515,"e":"aggTrade","p":"0.00002405","f":3583596},{"m":false,"E":1593698500667,"l":3583597,"M":true,"q":"2.00000000","s":"ONGBTC","a":2678043,"T":1593698500666,"e":"aggTrade","p":"0.00002405","f":3583597},{"m":false,"E":1593698500667,"l":3583598,"M":true,"q":"18.00000000","s":"ONGBTC","a":2678044,"T":1593698500666,"e":"aggTrade","p":"0.00002406","f":3583598},{"m":false,"E":1593698500667,"l":3583599,"M":true,"q":"10.00000000","s":"ONGBTC","a":2678045,"T":1593698500666,"e":"aggTrade","p":"0.00002407","f":3583599},{"m":false,"E":1593698501789,"l":3583603,"M":true,"q":"49.00000000","s":"ONGBTC","a":2678046,"T":1593698501784,"e":"aggTrade","p":"0.00002410","f":3583600},{"m":false,"E":1593698509063,"l":3583604,"M":true,"q":"56.00000000","s":"ONGBTC","a":2678047,"T":1593698509062,"e":"aggTrade","p":"0.00002412","f":3583604},{"m":false,"E":1593698510083,"l":3583605,"M":true,"q":"56.00000000","s":"ONGBTC","a":2678048,"T":1593698510082,"e":"aggTrade","p":"0.00002412","f":3583605},{"m":false,"E":1593698510840,"l":3583606,"M":true,"q":"56.00000000","s":"ONGBTC","a":2678049,"T":1593698510839,"e":"aggTrade","p":"0.00002412","f":3583606}],[{"m":true,"E":1593708138744,"l":3587711,"M":true,"q":"26.00000000","s":"ONGBTC","a":2680319,"T":1593708138743,"e":"aggTrade","p":"0.00002233","f":3587711},{"m":false,"E":1593708138759,"l":3587712,"M":true,"q":"161.00000000","s":"ONGBTC","a":2680320,"T":1593708138757,"e":"aggTrade","p":"0.00002233","f":3587712},{"m":true,"E":1593708140466,"l":3587713,"M":true,"q":"772.00000000","s":"ONGBTC","a":2680321,"T":1593708140464,"e":"aggTrade","p":"0.00002232","f":3587713},{"m":true,"E":1593708142528,"l":3587721,"M":true,"q":"1082.00000000","s":"ONGBTC","a":2680322,"T":1593708142526,"e":"aggTrade","p":"0.00002232","f":3587714},{"m":false,"E":1593708143219,"l":3587722,"M":true,"q":"380.00000000","s":"ONGBTC","a":2680323,"T":1593708143218,"e":"aggTrade","p":"0.00002232","f":3587722},{"m":false,"E":1593708148294,"l":3587724,"M":true,"q":"1830.00000000","s":"ONGBTC","a":2680324,"T":1593708148291,"e":"aggTrade","p":"0.00002232","f":3587723},{"m":false,"E":1593708148294,"l":3587726,"M":true,"q":"1766.00000000","s":"ONGBTC","a":2680325,"T":1593708148291,"e":"aggTrade","p":"0.00002240","f":3587725},{"m":false,"E":1593708148294,"l":3587728,"M":true,"q":"1072.00000000","s":"ONGBTC","a":2680326,"T":1593708148291,"e":"aggTrade","p":"0.00002241","f":3587727},{"m":false,"E":1593708148294,"l":3587731,"M":true,"q":"428.00000000","s":"ONGBTC","a":2680327,"T":1593708148291,"e":"aggTrade","p":"0.00002243","f":3587729},{"m":false,"E":1593708148294,"l":3587732,"M":true,"q":"1370.00000000","s":"ONGBTC","a":2680328,"T":1593708148291,"e":"aggTrade","p":"0.00002244","f":3587732},{"m":false,"E":1593708148294,"l":3587735,"M":true,"q":"3534.00000000","s":"ONGBTC","a":2680329,"T":1593708148291,"e":"aggTrade","p":"0.00002245","f":3587733},{"m":true,"E":1593708150504,"l":3587745,"M":true,"q":"67.00000000","s":"ONGBTC","a":2680330,"T":1593708150502,"e":"aggTrade","p":"0.00002234","f":3587736},{"m":true,"E":1593708150504,"l":3587746,"M":true,"q":"12.00000000","s":"ONGBTC","a":2680331,"T":1593708150502,"e":"aggTrade","p":"0.00002232","f":3587746},{"m":true,"E":1593708150504,"l":3587749,"M":true,"q":"323.00000000","s":"ONGBTC","a":2680332,"T":1593708150502,"e":"aggTrade","p":"0.00002231","f":3587747},{"m":true,"E":1593708150504,"l":3587750,"M":true,"q":"19.00000000","s":"ONGBTC","a":2680333,"T":1593708150502,"e":"aggTrade","p":"0.00002230","f":3587750},{"m":true,"E":1593708150504,"l":3587751,"M":true,"q":"532.00000000","s":"ONGBTC","a":2680334,"T":1593708150502,"e":"aggTrade","p":"0.00002228","f":3587751},{"m":true,"E":1593708151284,"l":3587752,"M":true,"q":"14.00000000","s":"ONGBTC","a":2680335,"T":1593708151282,"e":"aggTrade","p":"0.00002237","f":3587752},{"m":true,"E":1593708155488,"l":3587753,"M":true,"q":"14.00000000","s":"ONGBTC","a":2680336,"T":1593708155486,"e":"aggTrade","p":"0.00002232","f":3587753},{"m":true,"E":1593708155488,"l":3587754,"M":true,"q":"88.00000000","s":"ONGBTC","a":2680337,"T":1593708155486,"e":"aggTrade","p":"0.00002230","f":3587754},{"m":true,"E":1593708155488,"l":3587755,"M":true,"q":"136.00000000","s":"ONGBTC","a":2680338,"T":1593708155486,"e":"aggTrade","p":"0.00002229","f":3587755},{"m":true,"E":1593708155488,"l":3587756,"M":true,"q":"692.00000000","s":"ONGBTC","a":2680339,"T":1593708155486,"e":"aggTrade","p":"0.00002228","f":3587756},{"m":false,"E":1593708156124,"l":3587757,"M":true,"q":"136.00000000","s":"ONGBTC","a":2680340,"T":1593708156123,"e":"aggTrade","p":"0.00002236","f":3587757},{"m":false,"E":1593708156124,"l":3587758,"M":true,"q":"847.00000000","s":"ONGBTC","a":2680341,"T":1593708156123,"e":"aggTrade","p":"0.00002243","f":3587758},{"m":false,"E":1593708162198,"l":3587759,"M":true,"q":"232.00000000","s":"ONGBTC","a":2680342,"T":1593708162196,"e":"aggTrade","p":"0.00002239","f":3587759},{"m":false,"E":1593708172719,"l":3587760,"M":true,"q":"14.00000000","s":"ONGBTC","a":2680343,"T":1593708172717,"e":"aggTrade","p":"0.00002240","f":3587760},{"m":false,"E":1593708172719,"l":3587761,"M":true,"q":"1957.00000000","s":"ONGBTC","a":2680344,"T":1593708172717,"e":"aggTrade","p":"0.00002241","f":3587761},{"m":false,"E":1593708172719,"l":3587763,"M":true,"q":"1734.00000000","s":"ONGBTC","a":2680345,"T":1593708172717,"e":"aggTrade","p":"0.00002242","f":3587762},{"m":false,"E":1593708172719,"l":3587775,"M":true,"q":"3391.00000000","s":"ONGBTC","a":2680346,"T":1593708172717,"e":"aggTrade","p":"0.00002243","f":3587764},{"m":false,"E":1593708172719,"l":3587777,"M":true,"q":"2904.00000000","s":"ONGBTC","a":2680347,"T":1593708172717,"e":"aggTrade","p":"0.00002244","f":3587776},{"m":true,"E":1593708175829,"l":3587780,"M":true,"q":"97.00000000","s":"ONGBTC","a":2680348,"T":1593708175828,"e":"aggTrade","p":"0.00002232","f":3587778},{"m":true,"E":1593708175832,"l":3587781,"M":true,"q":"26.00000000","s":"ONGBTC","a":2680349,"T":1593708175830,"e":"aggTrade","p":"0.00002231","f":3587781},{"m":true,"E":1593708175969,"l":3587783,"M":true,"q":"77.00000000","s":"ONGBTC","a":2680350,"T":1593708175967,"e":"aggTrade","p":"0.00002228","f":3587782},{"m":true,"E":1593708176071,"l":3587784,"M":true,"q":"148.00000000","s":"ONGBTC","a":2680351,"T":1593708176070,"e":"aggTrade","p":"0.00002227","f":3587784},{"m":false,"E":1593708177819,"l":3587785,"M":true,"q":"3255.00000000","s":"ONGBTC","a":2680352,"T":1593708177818,"e":"aggTrade","p":"0.00002237","f":3587785},{"m":false,"E":1593708177819,"l":3587787,"M":true,"q":"6745.00000000","s":"ONGBTC","a":2680353,"T":1593708177818,"e":"aggTrade","p":"0.00002238","f":3587786},{"m":true,"E":1593708178088,"l":3587788,"M":true,"q":"195.00000000","s":"ONGBTC","a":2680354,"T":1593708178087,"e":"aggTrade","p":"0.00002227","f":3587788},{"m":true,"E":1593708181672,"l":3587790,"M":true,"q":"59.00000000","s":"ONGBTC","a":2680355,"T":1593708181670,"e":"aggTrade","p":"0.00002226","f":3587789},{"m":true,"E":1593708181672,"l":3587792,"M":true,"q":"1403.00000000","s":"ONGBTC","a":2680356,"T":1593708181670,"e":"aggTrade","p":"0.00002225","f":3587791},{"m":true,"E":1593708183170,"l":3587795,"M":true,"q":"253.00000000","s":"ONGBTC","a":2680357,"T":1593708183168,"e":"aggTrade","p":"0.00002225","f":3587793},{"m":true,"E":1593708183170,"l":3587797,"M":true,"q":"249.00000000","s":"ONGBTC","a":2680358,"T":1593708183168,"e":"aggTrade","p":"0.00002224","f":3587796},{"m":true,"E":1593708183170,"l":3587799,"M":true,"q":"892.00000000","s":"ONGBTC","a":2680359,"T":1593708183168,"e":"aggTrade","p":"0.00002223","f":3587798},{"m":true,"E":1593708184942,"l":3587800,"M":true,"q":"15.00000000","s":"ONGBTC","a":2680360,"T":1593708184940,"e":"aggTrade","p":"0.00002224","f":3587800},{"m":true,"E":1593708184942,"l":3587803,"M":true,"q":"1869.00000000","s":"ONGBTC","a":2680361,"T":1593708184940,"e":"aggTrade","p":"0.00002223","f":3587801},{"m":true,"E":1593708185801,"l":3587804,"M":true,"q":"556.00000000","s":"ONGBTC","a":2680362,"T":1593708185800,"e":"aggTrade","p":"0.00002223","f":3587804}