[{
	"peak": "-3.12500000|67,3.58744395|993,-8.52017937|675,9.75056689|4569,-13.15192744|7380,11.13585746|1680,-9.13140312|1800,3.81355932|840,-3.81355932|390,4.92505353|930,-3.85438972|1380,5.89519651|450,-14.62882096|2430,7.58196721|1020,-3.89344262|60,12.41685144|2160,-3.99113082|90,7.81609195|1020,-3.67816092|1650,-3.12500000|67",
	"transactionList": [{}, {}, {}, {}, {}, {}, {}, {}, {}, {}, {}, {}, {}, {}, {}, {}, {}, {}, {},
		[{
			"m": false,
			"l": 6484065,
			"M": true,
			"q": "44113.00000000",
			"a": 5378484,
			"T": 1591976004949,
			"p": "0.00000225",
			"f": 6484064
		}, {
			"m": true,
			"l": 6484070,
			"M": true,
			"q": "20000.00000000",
			"a": 5378485,
			"T": 1591976048060,
			"p": "0.00000224",
			"f": 6484066
		}]
	]
}, {
	"peak": "-4.42771084|106,4.45917445|116,-6.86953902|525,4.75487301|12,-3.72120496|45,7.99507995|135,-3.87453875|162,10.06842620|267,-9.51449984|123,4.57373989|45,-5.16490355|150,16.67241974|531,-3.48636521|219,4.20576990|285,-4.48383733|180,16.55680496|2340,-4.61419155|720,7.66161213|810,-4.07023144|1920,6.01626016|3810,-5.20325203|480,6.23973727|540,-7.43021346|870,10.88983051|930,-9.02542373|1770,6.27839736|1200,-13.96117307|450,16.56104774|2250,-18.46218842|3450,6.45406226|240,-3.30296128|90,11.24284546|2520,-7.11365495|1770,6.02994739|600,-4.42771084|106,3.64457831|695,-3.76960193|669,8.47406514|80,-3.21377331|1,5.79626973|2,-16.93625119|1,14.11354266|480,-7.56352765|435",
	"transactionList": [{}, {}, {}, {}, {}, {}, {}, {}, {}, {}, {}, {}, {}, {}, {}, {}, {}, {}, {}, {}, {}, {}, {}, {}, {}, {}, {}, {}, {}, {}, {}, {}, {}, {},
		[{
			"m": true,
			"l": 4298439,
			"M": true,
			"q": "471.00000000",
			"a": 3037280,
			"T": 1591977045155,
			"p": "0.00001661",
			"f": 4298437
		}, {
			"m": true,
			"l": 4298440,
			"M": true,
			"q": "246.00000000",
			"a": 3037281,
			"T": 1591977045155,
			"p": "0.00001660",
			"f": 4298440
		}, {
			"m": true,
			"l": 4298441,
			"M": true,
			"q": "2086.00000000",
			"a": 3037282,
			"T": 1591977064093,
			"p": "0.00001660",
			"f": 4298441
		}],
		[{
			"m": false,
			"E": 1592018753959,
			"l": 4299742,
			"M": true,
			"q": "12285.00000000",
			"s": "NAVBTC",
			"a": 3038165,
			"T": 1592018753956,
			"e": "aggTrade",
			"p": "0.00001720",
			"f": 4299735
		}, {
			"m": false,
			"E": 1592018766836,
			"l": 4299743,
			"M": true,
			"q": "6.00000000",
			"s": "NAVBTC",
			"a": 3038166,
			"T": 1592018766835,
			"e": "aggTrade",
			"p": "0.00001720",
			"f": 4299743
		}, {
			"m": false,
			"E": 1592018808170,
			"l": 4299752,
			"M": true,
			"q": "518.00000000",
			"s": "NAVBTC",
			"a": 3038167,
			"T": 1592018808167,
			"e": "aggTrade",
			"p": "0.00001720",
			"f": 4299744
		}, {
			"m": true,
			"E": 1592018808185,
			"l": 4299753,
			"M": true,
			"q": "246.00000000",
			"s": "NAVBTC",
			"a": 3038168,
			"T": 1592018808184,
			"e": "aggTrade",
			"p": "0.00001720",
			"f": 4299753
		}, {
			"m": true,
			"E": 1592018862694,
			"l": 4299754,
			"M": true,
			"q": "2236.00000000",
			"s": "NAVBTC",
			"a": 3038169,
			"T": 1592018862693,
			"e": "aggTrade",
			"p": "0.00001720",
			"f": 4299754
		}, {
			"m": true,
			"E": 1592018863471,
			"l": 4299755,
			"M": true,
			"q": "6.00000000",
			"s": "NAVBTC",
			"a": 3038170,
			"T": 1592018863469,
			"e": "aggTrade",
			"p": "0.00001717",
			"f": 4299755
		}, {
			"m": true,
			"E": 1592018863471,
			"l": 4299756,
			"M": true,
			"q": "1456.00000000",
			"s": "NAVBTC",
			"a": 3038171,
			"T": 1592018863469,
			"e": "aggTrade",
			"p": "0.00001714",
			"f": 4299756
		}],
		[{
			"m": true,
			"E": 1592058934388,
			"l": 4300723,
			"M": true,
			"q": "1940.00000000",
			"s": "NAVBTC",
			"a": 3038783,
			"T": 1592058934385,
			"e": "aggTrade",
			"p": "0.00001660",
			"f": 4300717
		}, {
			"m": true,
			"E": 1592058934388,
			"l": 4300724,
			"M": true,
			"q": "83.00000000",
			"s": "NAVBTC",
			"a": 3038784,
			"T": 1592058934385,
			"e": "aggTrade",
			"p": "0.00001659",
			"f": 4300724
		}, {
			"m": false,
			"E": 1592058935979,
			"l": 4300725,
			"M": true,
			"q": "51.00000000",
			"s": "NAVBTC",
			"a": 3038785,
			"T": 1592058935978,
			"e": "aggTrade",
			"p": "0.00001660",
			"f": 4300725
		}, {
			"m": false,
			"E": 1592058939178,
			"l": 4300726,
			"M": true,
			"q": "300.00000000",
			"s": "NAVBTC",
			"a": 3038786,
			"T": 1592058939176,
			"e": "aggTrade",
			"p": "0.00001660",
			"f": 4300726
		}, {
			"m": false,
			"E": 1592058940212,
			"l": 4300727,
			"M": true,
			"q": "22.00000000",
			"s": "NAVBTC",
			"a": 3038787,
			"T": 1592058940211,
			"e": "aggTrade",
			"p": "0.00001660",
			"f": 4300727
		}, {
			"m": false,
			"E": 1592058942724,
			"l": 4300728,
			"M": true,
			"q": "300.00000000",
			"s": "NAVBTC",
			"a": 3038788,
			"T": 1592058942723,
			"e": "aggTrade",
			"p": "0.00001660",
			"f": 4300728
		}, {
			"m": false,
			"E": 1592058946257,
			"l": 4300729,
			"M": true,
			"q": "300.00000000",
			"s": "NAVBTC",
			"a": 3038789,
			"T": 1592058946256,
			"e": "aggTrade",
			"p": "0.00001660",
			"f": 4300729
		}, {
			"m": false,
			"E": 1592058949808,
			"l": 4300730,
			"M": true,
			"q": "300.00000000",
			"s": "NAVBTC",
			"a": 3038790,
			"T": 1592058949807,
			"e": "aggTrade",
			"p": "0.00001660",
			"f": 4300730
		}, {
			"m": true,
			"E": 1592058957325,
			"l": 4300732,
			"M": true,
			"q": "219.00000000",
			"s": "NAVBTC",
			"a": 3038791,
			"T": 1592058957323,
			"e": "aggTrade",
			"p": "0.00001659",
			"f": 4300731
		}, {
			"m": true,
			"E": 1592058957325,
			"l": 4300733,
			"M": true,
			"q": "51.00000000",
			"s": "NAVBTC",
			"a": 3038792,
			"T": 1592058957323,
			"e": "aggTrade",
			"p": "0.00001658",
			"f": 4300733
		}, {
			"m": true,
			"E": 1592058957325,
			"l": 4300734,
			"M": true,
			"q": "1811.00000000",
			"s": "NAVBTC",
			"a": 3038793,
			"T": 1592058957323,
			"e": "aggTrade",
			"p": "0.00001657",
			"f": 4300734
		}, {
			"m": true,
			"E": 1592058957325,
			"l": 4300735,
			"M": true,
			"q": "101.00000000",
			"s": "NAVBTC",
			"a": 3038794,
			"T": 1592058957323,
			"e": "aggTrade",
			"p": "0.00001657",
			"f": 4300735
		}, {
			"m": false,
			"E": 1592058957340,
			"l": 4300736,
			"M": true,
			"q": "1773.00000000",
			"s": "NAVBTC",
			"a": 3038795,
			"T": 1592058957339,
			"e": "aggTrade",
			"p": "0.00001660",
			"f": 4300736
		}, {
			"m": true,
			"E": 1592058958457,
			"l": 4300738,
			"M": true,
			"q": "18.00000000",
			"s": "NAVBTC",
			"a": 3038796,
			"T": 1592058958456,
			"e": "aggTrade",
			"p": "0.00001658",
			"f": 4300737
		}, {
			"m": true,
			"E": 1592059013679,
			"l": 4300739,
			"M": true,
			"q": "7.00000000",
			"s": "NAVBTC",
			"a": 3038797,
			"T": 1592059013678,
			"e": "aggTrade",
			"p": "0.00001658",
			"f": 4300739
		}, {
			"m": false,
			"E": 1592059023793,
			"l": 4300740,
			"M": true,
			"q": "7.00000000",
			"s": "NAVBTC",
			"a": 3038798,
			"T": 1592059023792,
			"e": "aggTrade",
			"p": "0.00001659",
			"f": 4300740
		}],
		[{
			"m": true,
			"E": 1592063744814,
			"l": 4301802,
			"M": true,
			"q": "579.00000000",
			"s": "NAVBTC",
			"a": 3039319,
			"T": 1592063744813,
			"e": "aggTrade",
			"p": "0.00001760",
			"f": 4301802
		}, {
			"m": false,
			"E": 1592063746266,
			"l": 4301803,
			"M": true,
			"q": "576.00000000",
			"s": "NAVBTC",
			"a": 3039320,
			"T": 1592063746264,
			"e": "aggTrade",
			"p": "0.00001760",
			"f": 4301803
		}, {
			"m": false,
			"E": 1592063753303,
			"l": 4301811,
			"M": true,
			"q": "5602.00000000",
			"s": "NAVBTC",
			"a": 3039321,
			"T": 1592063753301,
			"e": "aggTrade",
			"p": "0.00001760",
			"f": 4301804
		}, {
			"m": true,
			"E": 1592063762591,
			"l": 4301812,
			"M": true,
			"q": "16.00000000",
			"s": "NAVBTC",
			"a": 3039322,
			"T": 1592063762590,
			"e": "aggTrade",
			"p": "0.00001758",
			"f": 4301812
		}, {
			"m": false,
			"E": 1592063763994,
			"l": 4301813,
			"M": true,
			"q": "6.00000000",
			"s": "NAVBTC",
			"a": 3039323,
			"T": 1592063763993,
			"e": "aggTrade",
			"p": "0.00001760",
			"f": 4301813
		}, {
			"m": false,
			"E": 1592063769796,
			"l": 4301815,
			"M": true,
			"q": "490.00000000",
			"s": "NAVBTC",
			"a": 3039324,
			"T": 1592063769794,
			"e": "aggTrade",
			"p": "0.00001760",
			"f": 4301814
		}, {
			"m": true,
			"E": 1592063771027,
			"l": 4301816,
			"M": true,
			"q": "289.00000000",
			"s": "NAVBTC",
			"a": 3039325,
			"T": 1592063771026,
			"e": "aggTrade",
			"p": "0.00001760",
			"f": 4301816
		}, {
			"m": false,
			"E": 1592063781657,
			"l": 4301818,
			"M": true,
			"q": "624.00000000",
			"s": "NAVBTC",
			"a": 3039326,
			"T": 1592063781655,
			"e": "aggTrade",
			"p": "0.00001765",
			"f": 4301817
		}, {
			"m": false,
			"E": 1592063781657,
			"l": 4301820,
			"M": true,
			"q": "412.00000000",
			"s": "NAVBTC",
			"a": 3039327,
			"T": 1592063781655,
			"e": "aggTrade",
			"p": "0.00001768",
			"f": 4301819
		}, {
			"m": true,
			"E": 1592063791000,
			"l": 4301821,
			"M": true,
			"q": "11.00000000",
			"s": "NAVBTC",
			"a": 3039328,
			"T": 1592063790999,
			"e": "aggTrade",
			"p": "0.00001760",
			"f": 4301821
		}, {
			"m": true,
			"E": 1592063791121,
			"l": 4301822,
			"M": true,
			"q": "103.00000000",
			"s": "NAVBTC",
			"a": 3039329,
			"T": 1592063791119,
			"e": "aggTrade",
			"p": "0.00001760",
			"f": 4301822
		}, {
			"m": true,
			"E": 1592063791474,
			"l": 4301823,
			"M": true,
			"q": "21.00000000",
			"s": "NAVBTC",
			"a": 3039330,
			"T": 1592063791472,
			"e": "aggTrade",
			"p": "0.00001760",
			"f": 4301823
		}, {
			"m": true,
			"E": 1592063791474,
			"l": 4301824,
			"M": true,
			"q": "31.00000000",
			"s": "NAVBTC",
			"a": 3039331,
			"T": 1592063791472,
			"e": "aggTrade",
			"p": "0.00001758",
			"f": 4301824
		}, {
			"m": false,
			"E": 1592063791934,
			"l": 4301825,
			"M": true,
			"q": "5776.00000000",
			"s": "NAVBTC",
			"a": 3039332,
			"T": 1592063791933,
			"e": "aggTrade",
			"p": "0.00001768",
			"f": 4301825
		}, {
			"m": false,
			"E": 1592063792327,
			"l": 4301826,
			"M": true,
			"q": "1239.00000000",
			"s": "NAVBTC",
			"a": 3039333,
			"T": 1592063792326,
			"e": "aggTrade",
			"p": "0.00001768",
			"f": 4301826
		}, {
			"m": false,
			"E": 1592063792440,
			"l": 4301827,
			"M": true,
			"q": "5596.00000000",
			"s": "NAVBTC",
			"a": 3039334,
			"T": 1592063792439,
			"e": "aggTrade",
			"p": "0.00001768",
			"f": 4301827
		}, {
			"m": false,
			"E": 1592063792811,
			"l": 4301830,
			"M": true,
			"q": "832.00000000",
			"s": "NAVBTC",
			"a": 3039335,
			"T": 1592063792808,
			"e": "aggTrade",
			"p": "0.00001769",
			"f": 4301828
		}, {
			"m": false,
			"E": 1592063792811,
			"l": 4301833,
			"M": true,
			"q": "1748.00000000",
			"s": "NAVBTC",
			"a": 3039336,
			"T": 1592063792808,
			"e": "aggTrade",
			"p": "0.00001770",
			"f": 4301831
		}, {
			"m": false,
			"E": 1592063792811,
			"l": 4301834,
			"M": true,
			"q": "21.00000000",
			"s": "NAVBTC",
			"a": 3039337,
			"T": 1592063792808,
			"e": "aggTrade",
			"p": "0.00001772",
			"f": 4301834
		}, {
			"m": false,
			"E": 1592063792811,
			"l": 4301835,
			"M": true,
			"q": "451.00000000",
			"s": "NAVBTC",
			"a": 3039338,
			"T": 1592063792808,
			"e": "aggTrade",
			"p": "0.00001773",
			"f": 4301835
		}, {
			"m": false,
			"E": 1592063792811,
			"l": 4301838,
			"M": true,
			"q": "26658.00000000",
			"s": "NAVBTC",
			"a": 3039339,
			"T": 1592063792808,
			"e": "aggTrade",
			"p": "0.00001774",
			"f": 4301836
		}, {
			"m": false,
			"E": 1592063793745,
			"l": 4301845,
			"M": true,
			"q": "6061.00000000",
			"s": "NAVBTC",
			"a": 3039340,
			"T": 1592063793738,
			"e": "aggTrade",
			"p": "0.00001774",
			"f": 4301839
		}, {
			"m": false,
			"E": 1592063793745,
			"l": 4301850,
			"M": true,
			"q": "2433.00000000",
			"s": "NAVBTC",
			"a": 3039341,
			"T": 1592063793738,
			"e": "aggTrade",
			"p": "0.00001775",
			"f": 4301846
		}, {
			"m": false,
			"E": 1592063793745,
			"l": 4301852,
			"M": true,
			"q": "1007.00000000",
			"s": "NAVBTC",
			"a": 3039342,
			"T": 1592063793738,
			"e": "aggTrade",
			"p": "0.00001776",
			"f": 4301851
		}, {
			"m": false,
			"E": 1592063793745,
			"l": 4301856,
			"M": true,
			"q": "4190.00000000",
			"s": "NAVBTC",
			"a": 3039343,
			"T": 1592063793738,
			"e": "aggTrade",
			"p": "0.00001777",
			"f": 4301853
		}, {
			"m": false,
			"E": 1592063793745,
			"l": 4301860,
			"M": true,
			"q": "3922.00000000",
			"s": "NAVBTC",
			"a": 3039344,
			"T": 1592063793738,
			"e": "aggTrade",
			"p": "0.00001778",
			"f": 4301857
		}, {
			"m": false,
			"E": 1592063793745,
			"l": 4301862,
			"M": true,
			"q": "904.00000000",
			"s": "NAVBTC",
			"a": 3039345,
			"T": 1592063793738,
			"e": "aggTrade",
			"p": "0.00001779",
			"f": 4301861
		}, {
			"m": false,
			"E": 1592063795572,
			"l": 4301865,
			"M": true,
			"q": "856.00000000",
			"s": "NAVBTC",
			"a": 3039346,
			"T": 1592063795568,
			"e": "aggTrade",
			"p": "0.00001779",
			"f": 4301863
		}, {
			"m": false,
			"E": 1592063795572,
			"l": 4301874,
			"M": true,
			"q": "6501.00000000",
			"s": "NAVBTC",
			"a": 3039347,
			"T": 1592063795568,
			"e": "aggTrade",
			"p": "0.00001780",
			"f": 4301866
		}, {
			"m": false,
			"E": 1592063795713,
			"l": 4301875,
			"M": true,
			"q": "983.00000000",
			"s": "NAVBTC",
			"a": 3039348,
			"T": 1592063795707,
			"e": "aggTrade",
			"p": "0.00001780",
			"f": 4301875
		}, {
			"m": false,
			"E": 1592063795713,
			"l": 4301877,
			"M": true,
			"q": "350.00000000",
			"s": "NAVBTC",
			"a": 3039349,
			"T": 1592063795707,
			"e": "aggTrade",
			"p": "0.00001781",
			"f": 4301876
		}, {
			"m": false,
			"E": 1592063795713,
			"l": 4301880,
			"M": true,
			"q": "1323.00000000",
			"s": "NAVBTC",
			"a": 3039350,
			"T": 1592063795707,
			"e": "aggTrade",
			"p": "0.00001782",
			"f": 4301878
		}, {
			"m": false,
			"E": 1592063795713,
			"l": 4301885,
			"M": true,
			"q": "1835.00000000",
			"s": "NAVBTC",
			"a": 3039351,
			"T": 1592063795707,
			"e": "aggTrade",
			"p": "0.00001783",
			"f": 4301881
		}, {
			"m": false,
			"E": 1592063795713,
			"l": 4301886,
			"M": true,
			"q": "36.00000000",
			"s": "NAVBTC",
			"a": 3039352,
			"T": 1592063795707,
			"e": "aggTrade",
			"p": "0.00001784",
			"f": 4301886
		}, {
			"m": false,
			"E": 1592063795713,
			"l": 4301891,
			"M": true,
			"q": "1583.00000000",
			"s": "NAVBTC",
			"a": 3039353,
			"T": 1592063795707,
			"e": "aggTrade",
			"p": "0.00001785",
			"f": 4301887
		}, {
			"m": false,
			"E": 1592063795713,
			"l": 4301893,
			"M": true,
			"q": "27.00000000",
			"s": "NAVBTC",
			"a": 3039354,
			"T": 1592063795707,
			"e": "aggTrade",
			"p": "0.00001786",
			"f": 4301892
		}, {
			"m": false,
			"E": 1592063795713,
			"l": 4301895,
			"M": true,
			"q": "278.00000000",
			"s": "NAVBTC",
			"a": 3039355,
			"T": 1592063795707,
			"e": "aggTrade",
			"p": "0.00001787",
			"f": 4301894
		}, {
			"m": false,
			"E": 1592063795713,
			"l": 4301896,
			"M": true,
			"q": "10.00000000",
			"s": "NAVBTC",
			"a": 3039356,
			"T": 1592063795707,
			"e": "aggTrade",
			"p": "0.00001788",
			"f": 4301896
		}, {
			"m": true,
			"E": 1592063795726,
			"l": 4301897,
			"M": true,
			"q": "408.00000000",
			"s": "NAVBTC",
			"a": 3039357,
			"T": 1592063795725,
			"e": "aggTrade",
			"p": "0.00001788",
			"f": 4301897
		}, {
			"m": false,
			"E": 1592063795823,
			"l": 4301902,
			"M": true,
			"q": "1476.00000000",
			"s": "NAVBTC",
			"a": 3039358,
			"T": 1592063795817,
			"e": "aggTrade",
			"p": "0.00001789",
			"f": 4301898
		}, {
			"m": false,
			"E": 1592063795823,
			"l": 4301915,
			"M": true,
			"q": "6555.00000000",
			"s": "NAVBTC",
			"a": 3039359,
			"T": 1592063795817,
			"e": "aggTrade",
			"p": "0.00001790",
			"f": 4301903
		}, {
			"m": false,
			"E": 1592063795823,
			"l": 4301922,
			"M": true,
			"q": "3253.00000000",
			"s": "NAVBTC",
			"a": 3039360,
			"T": 1592063795817,
			"e": "aggTrade",
			"p": "0.00001792",
			"f": 4301916
		}, {
			"m": true,
			"E": 1592063796425,
			"l": 4301923,
			"M": true,
			"q": "632.00000000",
			"s": "NAVBTC",
			"a": 3039361,
			"T": 1592063796424,
			"e": "aggTrade",
			"p": "0.00001788",
			"f": 4301923
		}, {
			"m": true,
			"E": 1592063796609,
			"l": 4301924,
			"M": true,
			"q": "1414.00000000",
			"s": "NAVBTC",
			"a": 3039362,
			"T": 1592063796607,
			"e": "aggTrade",
			"p": "0.00001788",
			"f": 4301924
		}, {
			"m": true,
			"E": 1592063796938,
			"l": 4301926,
			"M": true,
			"q": "8467.00000000",
			"s": "NAVBTC",
			"a": 3039363,
			"T": 1592063796937,
			"e": "aggTrade",
			"p": "0.00001788",
			"f": 4301925
		}, {
			"m": true,
			"E": 1592063797238,
			"l": 4301927,
			"M": true,
			"q": "1414.00000000",
			"s": "NAVBTC",
			"a": 3039364,
			"T": 1592063797237,
			"e": "aggTrade",
			"p": "0.00001788",
			"f": 4301927
		}, {
			"m": true,
			"E": 1592063797623,
			"l": 4301928,
			"M": true,
			"q": "17.00000000",
			"s": "NAVBTC",
			"a": 3039365,
			"T": 1592063797622,
			"e": "aggTrade",
			"p": "0.00001788",
			"f": 4301928
		}, {
			"m": false,
			"E": 1592063797761,
			"l": 4301930,
			"M": true,
			"q": "684.00000000",
			"s": "NAVBTC",
			"a": 3039366,
			"T": 1592063797754,
			"e": "aggTrade",
			"p": "0.00001792",
			"f": 4301929
		}, {
			"m": false,
			"E": 1592063797761,
			"l": 4301932,
			"M": true,
			"q": "21.00000000",
			"s": "NAVBTC",
			"a": 3039367,
			"T": 1592063797754,
			"e": "aggTrade",
			"p": "0.00001793",
			"f": 4301931
		}, {
			"m": false,
			"E": 1592063797761,
			"l": 4301933,
			"M": true,
			"q": "172.00000000",
			"s": "NAVBTC",
			"a": 3039368,
			"T": 1592063797754,
			"e": "aggTrade",
			"p": "0.00001794",
			"f": 4301933
		}, {
			"m": false,
			"E": 1592063797761,
			"l": 4301938,
			"M": true,
			"q": "2395.00000000",
			"s": "NAVBTC",
			"a": 3039369,
			"T": 1592063797754,
			"e": "aggTrade",
			"p": "0.00001795",
			"f": 4301934
		}, {
			"m": false,
			"E": 1592063797761,
			"l": 4301945,
			"M": true,
			"q": "1242.00000000",
			"s": "NAVBTC",
			"a": 3039370,
			"T": 1592063797754,
			"e": "aggTrade",
			"p": "0.00001796",
			"f": 4301939
		}, {
			"m": false,
			"E": 1592063797761,
			"l": 4301949,
			"M": true,
			"q": "3201.00000000",
			"s": "NAVBTC",
			"a": 3039371,
			"T": 1592063797754,
			"e": "aggTrade",
			"p": "0.00001797",
			"f": 4301946
		}, {
			"m": false,
			"E": 1592063797761,
			"l": 4301954,
			"M": true,
			"q": "571.00000000",
			"s": "NAVBTC",
			"a": 3039372,
			"T": 1592063797754,
			"e": "aggTrade",
			"p": "0.00001798",
			"f": 4301950
		}, {
			"m": true,
			"E": 1592063798537,
			"l": 4301955,
			"M": true,
			"q": "2313.00000000",
			"s": "NAVBTC",
			"a": 3039373,
			"T": 1592063798535,
			"e": "aggTrade",
			"p": "0.00001788",
			"f": 4301955
		}, {
			"m": false,
			"E": 1592063798626,
			"l": 4301958,
			"M": true,
			"q": "348.00000000",
			"s": "NAVBTC",
			"a": 3039374,
			"T": 1592063798624,
			"e": "aggTrade",
			"p": "0.00001798",
			"f": 4301956
		}, {
			"m": false,
			"E": 1592063798626,
			"l": 4301959,
			"M": true,
			"q": "2171.00000000",
			"s": "NAVBTC",
			"a": 3039375,
			"T": 1592063798624,
			"e": "aggTrade",
			"p": "0.00001799",
			"f": 4301959
		}, {
			"m": false,
			"E": 1592063799360,
			"l": 4301972,
			"M": true,
			"q": "3158.00000000",
			"s": "NAVBTC",
			"a": 3039376,
			"T": 1592063799356,
			"e": "aggTrade",
			"p": "0.00001799",
			"f": 4301960
		}, {
			"m": true,
			"E": 1592063801441,
			"l": 4301973,
			"M": true,
			"q": "14.00000000",
			"s": "NAVBTC",
			"a": 3039377,
			"T": 1592063801440,
			"e": "aggTrade",
			"p": "0.00001798",
			"f": 4301973
		}, {
			"m": true,
			"E": 1592063801441,
			"l": 4301975,
			"M": true,
			"q": "841.00000000",
			"s": "NAVBTC",
			"a": 3039378,
			"T": 1592063801440,
			"e": "aggTrade",
			"p": "0.00001788",
			"f": 4301974
		}, {
			"m": true,
			"E": 1592063801591,
			"l": 4301977,
			"M": true,
			"q": "839.00000000",
			"s": "NAVBTC",
			"a": 3039379,
			"T": 1592063801589,
			"e": "aggTrade",
			"p": "0.00001788",
			"f": 4301976
		}, {
			"m": true,
			"E": 1592063802691,
			"l": 4301978,
			"M": true,
			"q": "257.00000000",
			"s": "NAVBTC",
			"a": 3039380,
			"T": 1592063802689,
			"e": "aggTrade",
			"p": "0.00001788",
			"f": 4301978
		}, {
			"m": true,
			"E": 1592063802726,
			"l": 4301979,
			"M": true,
			"q": "18.00000000",
			"s": "NAVBTC",
			"a": 3039381,
			"T": 1592063802725,
			"e": "aggTrade",
			"p": "0.00001788",
			"f": 4301979
		}, {
			"m": true,
			"E": 1592063802728,
			"l": 4301981,
			"M": true,
			"q": "97.00000000",
			"s": "NAVBTC",
			"a": 3039382,
			"T": 1592063802726,
			"e": "aggTrade",
			"p": "0.00001788",
			"f": 4301980
		}, {
			"m": true,
			"E": 1592063802731,
			"l": 4301982,
			"M": true,
			"q": "572.00000000",
			"s": "NAVBTC",
			"a": 3039383,
			"T": 1592063802729,
			"e": "aggTrade",
			"p": "0.00001788",
			"f": 4301982
		}, {
			"m": true,
			"E": 1592063802732,
			"l": 4301990,
			"M": true,
			"q": "5718.00000000",
			"s": "NAVBTC",
			"a": 3039384,
			"T": 1592063802730,
			"e": "aggTrade",
			"p": "0.00001788",
			"f": 4301983
		}, {
			"m": true,
			"E": 1592063802739,
			"l": 4301991,
			"M": true,
			"q": "349.00000000",
			"s": "NAVBTC",
			"a": 3039385,
			"T": 1592063802737,
			"e": "aggTrade",
			"p": "0.00001788",
			"f": 4301991
		}, {
			"m": true,
			"E": 1592063802739,
			"l": 4302001,
			"M": true,
			"q": "634.00000000",
			"s": "NAVBTC",
			"a": 3039386,
			"T": 1592063802737,
			"e": "aggTrade",
			"p": "0.00001772",
			"f": 4301992
		}, {
			"m": true,
			"E": 1592063802739,
			"l": 4302002,
			"M": true,
			"q": "733.00000000",
			"s": "NAVBTC",
			"a": 3039387,
			"T": 1592063802737,
			"e": "aggTrade",
			"p": "0.00001770",
			"f": 4302002
		}, {
			"m": true,
			"E": 1592063802741,
			"l": 4302003,
			"M": true,
			"q": "115.00000000",
			"s": "NAVBTC",
			"a": 3039388,
			"T": 1592063802740,
			"e": "aggTrade",
			"p": "0.00001770",
			"f": 4302003
		}, {
			"m": true,
			"E": 1592063802742,
			"l": 4302004,
			"M": true,
			"q": "28.00000000",
			"s": "NAVBTC",
			"a": 3039389,
			"T": 1592063802740,
			"e": "aggTrade",
			"p": "0.00001770",
			"f": 4302004
		}, {
			"m": true,
			"E": 1592063802746,
			"l": 4302005,
			"M": true,
			"q": "92.00000000",
			"s": "NAVBTC",
			"a": 3039390,
			"T": 1592063802745,
			"e": "aggTrade",
			"p": "0.00001770",
			"f": 4302005
		}, {
			"m": true,
			"E": 1592063802759,
			"l": 4302006,
			"M": true,
			"q": "86.00000000",
			"s": "NAVBTC",
			"a": 3039391,
			"T": 1592063802758,
			"e": "aggTrade",
			"p": "0.00001771",
			"f": 4302006
		}, {
			"m": true,
			"E": 1592063802776,
			"l": 4302007,
			"M": true,
			"q": "16.00000000",
			"s": "NAVBTC",
			"a": 3039392,
			"T": 1592063802775,
			"e": "aggTrade",
			"p": "0.00001770",
			"f": 4302007
		}, {
			"m": true,
			"E": 1592063802777,
			"l": 4302008,
			"M": true,
			"q": "172.00000000",
			"s": "NAVBTC",
			"a": 3039393,
			"T": 1592063802776,
			"e": "aggTrade",
			"p": "0.00001770",
			"f": 4302008
		}, {
			"m": true,
			"E": 1592063803131,
			"l": 4302010,
			"M": true,
			"q": "115.00000000",
			"s": "NAVBTC",
			"a": 3039394,
			"T": 1592063803129,
			"e": "aggTrade",
			"p": "0.00001770",
			"f": 4302009
		}, {
			"m": true,
			"E": 1592063803132,
			"l": 4302011,
			"M": true,
			"q": "58.00000000",
			"s": "NAVBTC",
			"a": 3039395,
			"T": 1592063803131,
			"e": "aggTrade",
			"p": "0.00001770",
			"f": 4302011
		}, {
			"m": true,
			"E": 1592063803133,
			"l": 4302012,
			"M": true,
			"q": "744.00000000",
			"s": "NAVBTC",
			"a": 3039396,
			"T": 1592063803132,
			"e": "aggTrade",
			"p": "0.00001770",
			"f": 4302012
		}, {
			"m": true,
			"E": 1592063803137,
			"l": 4302018,
			"M": true,
			"q": "3368.00000000",
			"s": "NAVBTC",
			"a": 3039397,
			"T": 1592063803132,
			"e": "aggTrade",
			"p": "0.00001770",
			"f": 4302013
		}, {
			"m": true,
			"E": 1592063803137,
			"l": 4302038,
			"M": true,
			"q": "803.00000000",
			"s": "NAVBTC",
			"a": 3039398,
			"T": 1592063803132,
			"e": "aggTrade",
			"p": "0.00001769",
			"f": 4302019
		}, {
			"m": true,
			"E": 1592063803137,
			"l": 4302039,
			"M": true,
			"q": "224.00000000",
			"s": "NAVBTC",
			"a": 3039399,
			"T": 1592063803132,
			"e": "aggTrade",
			"p": "0.00001765",
			"f": 4302039
		}, {
			"m": true,
			"E": 1592063803137,
			"l": 4302040,
			"M": true,
			"q": "237.00000000",
			"s": "NAVBTC",
			"a": 3039400,
			"T": 1592063803132,
			"e": "aggTrade",
			"p": "0.00001764",
			"f": 4302040
		}, {
			"m": true,
			"E": 1592063803137,
			"l": 4302041,
			"M": true,
			"q": "238.00000000",
			"s": "NAVBTC",
			"a": 3039401,
			"T": 1592063803132,
			"e": "aggTrade",
			"p": "0.00001763",
			"f": 4302041
		}, {
			"m": true,
			"E": 1592063803137,
			"l": 4302042,
			"M": true,
			"q": "833.00000000",
			"s": "NAVBTC",
			"a": 3039402,
			"T": 1592063803132,
			"e": "aggTrade",
			"p": "0.00001759",
			"f": 4302042
		}, {
			"m": true,
			"E": 1592063803138,
			"l": 4302043,
			"M": true,
			"q": "180.00000000",
			"s": "NAVBTC",
			"a": 3039403,
			"T": 1592063803133,
			"e": "aggTrade",
			"p": "0.00001759",
			"f": 4302043
		}, {
			"m": true,
			"E": 1592063803138,
			"l": 4302045,
			"M": true,
			"q": "173.00000000",
			"s": "NAVBTC",
			"a": 3039404,
			"T": 1592063803133,
			"e": "aggTrade",
			"p": "0.00001758",
			"f": 4302044
		}, {
			"m": true,
			"E": 1592063803138,
			"l": 4302047,
			"M": true,
			"q": "31.00000000",
			"s": "NAVBTC",
			"a": 3039405,
			"T": 1592063803133,
			"e": "aggTrade",
			"p": "0.00001753",
			"f": 4302046
		}, {
			"m": true,
			"E": 1592063803138,
			"l": 4302048,
			"M": true,
			"q": "187.00000000",
			"s": "NAVBTC",
			"a": 3039406,
			"T": 1592063803133,
			"e": "aggTrade",
			"p": "0.00001749",
			"f": 4302048
		}, {
			"m": true,
			"E": 1592063803142,
			"l": 4302049,
			"M": true,
			"q": "55.00000000",
			"s": "NAVBTC",
			"a": 3039407,
			"T": 1592063803140,
			"e": "aggTrade",
			"p": "0.00001749",
			"f": 4302049
		}, {
			"m": true,
			"E": 1592063803142,
			"l": 4302051,
			"M": true,
			"q": "173.00000000",
			"s": "NAVBTC",
			"a": 3039408,
			"T": 1592063803140,
			"e": "aggTrade",
			"p": "0.00001747",
			"f": 4302050
		}, {
			"m": true,
			"E": 1592063803147,
			"l": 4302052,
			"M": true,
			"q": "83.00000000",
			"s": "NAVBTC",
			"a": 3039409,
			"T": 1592063803146,
			"e": "aggTrade",
			"p": "0.00001747",
			"f": 4302052
		}, {
			"m": true,
			"E": 1592063803149,
			"l": 4302053,
			"M": true,
			"q": "172.00000000",
			"s": "NAVBTC",
			"a": 3039410,
			"T": 1592063803148,
			"e": "aggTrade",
			"p": "0.00001747",
			"f": 4302053
		}, {
			"m": true,
			"E": 1592063803155,
			"l": 4302058,
			"M": true,
			"q": "1144.00000000",
			"s": "NAVBTC",
			"a": 3039411,
			"T": 1592063803153,
			"e": "aggTrade",
			"p": "0.00001747",
			"f": 4302054
		}, {
			"m": true,
			"E": 1592063803163,
			"l": 4302059,
			"M": true,
			"q": "76.00000000",
			"s": "NAVBTC",
			"a": 3039412,
			"T": 1592063803162,
			"e": "aggTrade",
			"p": "0.00001747",
			"f": 4302059
		}, {
			"m": true,
			"E": 1592063803166,
			"l": 4302069,
			"M": true,
			"q": "2041.00000000",
			"s": "NAVBTC",
			"a": 3039413,
			"T": 1592063803163,
			"e": "aggTrade",
			"p": "0.00001747",
			"f": 4302060
		}, {
			"m": true,
			"E": 1592063803166,
			"l": 4302070,
			"M": true,
			"q": "256.00000000",
			"s": "NAVBTC",
			"a": 3039414,
			"T": 1592063803163,
			"e": "aggTrade",
			"p": "0.00001745",
			"f": 4302070
		}, {
			"m": true,
			"E": 1592063803169,
			"l": 4302071,
			"M": true,
			"q": "30.00000000",
			"s": "NAVBTC",
			"a": 3039415,
			"T": 1592063803167,
			"e": "aggTrade",
			"p": "0.00001745",
			"f": 4302071
		}, {
			"m": true,
			"E": 1592063803169,
			"l": 4302072,
			"M": true,
			"q": "199.00000000",
			"s": "NAVBTC",
			"a": 3039416,
			"T": 1592063803167,
			"e": "aggTrade",
			"p": "0.00001743",
			"f": 4302072
		}, {
			"m": true,
			"E": 1592063803170,
			"l": 4302073,
			"M": true,
			"q": "58.00000000",
			"s": "NAVBTC",
			"a": 3039417,
			"T": 1592063803168,
			"e": "aggTrade",
			"p": "0.00001743",
			"f": 4302073
		}, {
			"m": true,
			"E": 1592063803172,
			"l": 4302074,
			"M": true,
			"q": "6.00000000",
			"s": "NAVBTC",
			"a": 3039418,
			"T": 1592063803171,
			"e": "aggTrade",
			"p": "0.00001743",
			"f": 4302074
		}, {
			"m": true,
			"E": 1592063803181,
			"l": 4302075,
			"M": true,
			"q": "58.00000000",
			"s": "NAVBTC",
			"a": 3039419,
			"T": 1592063803180,
			"e": "aggTrade",
			"p": "0.00001743",
			"f": 4302075
		}, {
			"m": true,
			"E": 1592063803183,
			"l": 4302076,
			"M": true,
			"q": "58.00000000",
			"s": "NAVBTC",
			"a": 3039420,
			"T": 1592063803182,
			"e": "aggTrade",
			"p": "0.00001743",
			"f": 4302076
		}, {
			"m": true,
			"E": 1592063803196,
			"l": 4302077,
			"M": true,
			"q": "29.00000000",
			"s": "NAVBTC",
			"a": 3039421,
			"T": 1592063803195,
			"e": "aggTrade",
			"p": "0.00001743",
			"f": 4302077
		}, {
			"m": true,
			"E": 1592063803197,
			"l": 4302078,
			"M": true,
			"q": "30.00000000",
			"s": "NAVBTC",
			"a": 3039422,
			"T": 1592063803195,
			"e": "aggTrade",
			"p": "0.00001743",
			"f": 4302078
		}, {
			"m": true,
			"E": 1592063803549,
			"l": 4302079,
			"M": true,
			"q": "2288.00000000",
			"s": "NAVBTC",
			"a": 3039423,
			"T": 1592063803548,
			"e": "aggTrade",
			"p": "0.00001744",
			"f": 4302079
		}, {
			"m": true,
			"E": 1592063803554,
			"l": 4302080,
			"M": true,
			"q": "297.00000000",
			"s": "NAVBTC",
			"a": 3039424,
			"T": 1592063803552,
			"e": "aggTrade",
			"p": "0.00001744",
			"f": 4302080
		}, {
			"m": true,
			"E": 1592063803586,
			"l": 4302081,
			"M": true,
			"q": "112.00000000",
			"s": "NAVBTC",
			"a": 3039425,
			"T": 1592063803584,
			"e": "aggTrade",
			"p": "0.00001744",
			"f": 4302081
		}, {
			"m": true,
			"E": 1592063803604,
			"l": 4302082,
			"M": true,
			"q": "44.00000000",
			"s": "NAVBTC",
			"a": 3039426,
			"T": 1592063803602,
			"e": "aggTrade",
			"p": "0.00001744",
			"f": 4302082
		}, {
			"m": true,
			"E": 1592063803604,
			"l": 4302084,
			"M": true,
			"q": "242.00000000",
			"s": "NAVBTC",
			"a": 3039427,
			"T": 1592063803602,
			"e": "aggTrade",
			"p": "0.00001742",
			"f": 4302083
		}, {
			"m": true,
			"E": 1592063803605,
			"l": 4302086,
			"M": true,
			"q": "58.00000000",
			"s": "NAVBTC",
			"a": 3039428,
			"T": 1592063803604,
			"e": "aggTrade",
			"p": "0.00001742",
			"f": 4302085
		}, {
			"m": true,
			"E": 1592063803612,
			"l": 4302087,
			"M": true,
			"q": "6.00000000",
			"s": "NAVBTC",
			"a": 3039429,
			"T": 1592063803610,
			"e": "aggTrade",
			"p": "0.00001742",
			"f": 4302087
		}, {
			"m": true,
			"E": 1592063803612,
			"l": 4302089,
			"M": true,
			"q": "411.00000000",
			"s": "NAVBTC",
			"a": 3039430,
			"T": 1592063803610,
			"e": "aggTrade",
			"p": "0.00001741",
			"f": 4302088
		}, {
			"m": true,
			"E": 1592063803612,
			"l": 4302090,
			"M": true,
			"q": "151.00000000",
			"s": "NAVBTC",
			"a": 3039431,
			"T": 1592063803610,
			"e": "aggTrade",
			"p": "0.00001740",
			"f": 4302090
		}, {
			"m": true,
			"E": 1592063803646,
			"l": 4302091,
			"M": true,
			"q": "57.00000000",
			"s": "NAVBTC",
			"a": 3039432,
			"T": 1592063803645,
			"e": "aggTrade",
			"p": "0.00001740",
			"f": 4302091
		}, {
			"m": true,
			"E": 1592063803652,
			"l": 4302092,
			"M": true,
			"q": "19.00000000",
			"s": "NAVBTC",
			"a": 3039433,
			"T": 1592063803650,
			"e": "aggTrade",
			"p": "0.00001740",
			"f": 4302092
		}, {
			"m": true,
			"E": 1592063803652,
			"l": 4302094,
			"M": true,
			"q": "725.00000000",
			"s": "NAVBTC",
			"a": 3039434,
			"T": 1592063803650,
			"e": "aggTrade",
			"p": "0.00001738",
			"f": 4302093
		}, {
			"m": true,
			"E": 1592063803723,
			"l": 4302097,
			"M": true,
			"q": "503.00000000",
			"s": "NAVBTC",
			"a": 3039435,
			"T": 1592063803720,
			"e": "aggTrade",
			"p": "0.00001737",
			"f": 4302095
		}, {
			"m": true,
			"E": 1592063803723,
			"l": 4302108,
			"M": true,
			"q": "684.00000000",
			"s": "NAVBTC",
			"a": 3039436,
			"T": 1592063803720,
			"e": "aggTrade",
			"p": "0.00001736",
			"f": 4302098
		}, {
			"m": true,
			"E": 1592063803723,
			"l": 4302109,
			"M": true,
			"q": "60.00000000",
			"s": "NAVBTC",
			"a": 3039437,
			"T": 1592063803720,
			"e": "aggTrade",
			"p": "0.00001734",
			"f": 4302109
		}, {
			"m": false,
			"E": 1592063803976,
			"l": 4302110,
			"M": true,
			"q": "31.00000000",
			"s": "NAVBTC",
			"a": 3039438,
			"T": 1592063803974,
			"e": "aggTrade",
			"p": "0.00001755",
			"f": 4302110
		}, {
			"m": false,
			"E": 1592063804578,
			"l": 4302120,
			"M": true,
			"q": "539.00000000",
			"s": "NAVBTC",
			"a": 3039439,
			"T": 1592063804549,
			"e": "aggTrade",
			"p": "0.00001755",
			"f": 4302111
		}, {
			"m": false,
			"E": 1592063804578,
			"l": 4302130,
			"M": true,
			"q": "241.00000000",
			"s": "NAVBTC",
			"a": 3039440,
			"T": 1592063804549,
			"e": "aggTrade",
			"p": "0.00001760",
			"f": 4302121
		}, {
			"m": false,
			"E": 1592063804578,
			"l": 4302131,
			"M": true,
			"q": "232.00000000",
			"s": "NAVBTC",
			"a": 3039441,
			"T": 1592063804549,
			"e": "aggTrade",
			"p": "0.00001764",
			"f": 4302131
		}, {
			"m": false,
			"E": 1592063804578,
			"l": 4302132,
			"M": true,
			"q": "56.00000000",
			"s": "NAVBTC",
			"a": 3039442,
			"T": 1592063804549,
			"e": "aggTrade",
			"p": "0.00001769",
			"f": 4302132
		}, {
			"m": false,
			"E": 1592063804578,
			"l": 4302133,
			"M": true,
			"q": "227.00000000",
			"s": "NAVBTC",
			"a": 3039443,
			"T": 1592063804549,
			"e": "aggTrade",
			"p": "0.00001775",
			"f": 4302133
		}, {
			"m": false,
			"E": 1592063804578,
			"l": 4302134,
			"M": true,
			"q": "2563.00000000",
			"s": "NAVBTC",
			"a": 3039444,
			"T": 1592063804549,
			"e": "aggTrade",
			"p": "0.00001776",
			"f": 4302134
		}, {
			"m": false,
			"E": 1592063804578,
			"l": 4302136,
			"M": true,
			"q": "329.00000000",
			"s": "NAVBTC",
			"a": 3039445,
			"T": 1592063804549,
			"e": "aggTrade",
			"p": "0.00001777",
			"f": 4302135
		}, {
			"m": false,
			"E": 1592063804578,
			"l": 4302137,
			"M": true,
			"q": "170.00000000",
			"s": "NAVBTC",
			"a": 3039446,
			"T": 1592063804549,
			"e": "aggTrade",
			"p": "0.00001781",
			"f": 4302137
		}, {
			"m": false,
			"E": 1592063804578,
			"l": 4302147,
			"M": true,
			"q": "239.00000000",
			"s": "NAVBTC",
			"a": 3039447,
			"T": 1592063804549,
			"e": "aggTrade",
			"p": "0.00001783",
			"f": 4302138
		}, {
			"m": false,
			"E": 1592063804578,
			"l": 4302148,
			"M": true,
			"q": "242.00000000",
			"s": "NAVBTC",
			"a": 3039448,
			"T": 1592063804549,
			"e": "aggTrade",
			"p": "0.00001784",
			"f": 4302148
		}, {
			"m": false,
			"E": 1592063804578,
			"l": 4302158,
			"M": true,
			"q": "239.00000000",
			"s": "NAVBTC",
			"a": 3039449,
			"T": 1592063804549,
			"e": "aggTrade",
			"p": "0.00001785",
			"f": 4302149
		}, {
			"m": false,
			"E": 1592063804578,
			"l": 4302228,
			"M": true,
			"q": "3728.00000000",
			"s": "NAVBTC",
			"a": 3039450,
			"T": 1592063804549,
			"e": "aggTrade",
			"p": "0.00001786",
			"f": 4302159
		}, {
			"m": false,
			"E": 1592063804578,
			"l": 4302268,
			"M": true,
			"q": "4972.00000000",
			"s": "NAVBTC",
			"a": 3039451,
			"T": 1592063804549,
			"e": "aggTrade",
			"p": "0.00001787",
			"f": 4302229
		}, {
			"m": false,
			"E": 1592063804578,
			"l": 4302278,
			"M": true,
			"q": "237.00000000",
			"s": "NAVBTC",
			"a": 3039452,
			"T": 1592063804549,
			"e": "aggTrade",
			"p": "0.00001792",
			"f": 4302269
		}, {
			"m": false,
			"E": 1592063804578,
			"l": 4302283,
			"M": true,
			"q": "9870.00000000",
			"s": "NAVBTC",
			"a": 3039453,
			"T": 1592063804549,
			"e": "aggTrade",
			"p": "0.00001799",
			"f": 4302279
		}, {
			"m": false,
			"E": 1592063804578,
			"l": 4302334,
			"M": true,
			"q": "15150.00000000",
			"s": "NAVBTC",
			"a": 3039454,
			"T": 1592063804549,
			"e": "aggTrade",
			"p": "0.00001800",
			"f": 4302284
		}, {
			"m": false,
			"E": 1592063804944,
			"l": 4302335,
			"M": true,
			"q": "7.00000000",
			"s": "NAVBTC",
			"a": 3039455,
			"T": 1592063804942,
			"e": "aggTrade",
			"p": "0.00001776",
			"f": 4302335
		}, {
			"m": false,
			"E": 1592063804944,
			"l": 4302336,
			"M": true,
			"q": "317.00000000",
			"s": "NAVBTC",
			"a": 3039456,
			"T": 1592063804942,
			"e": "aggTrade",
			"p": "0.00001798",
			"f": 4302336
		}, {
			"m": false,
			"E": 1592063804944,
			"l": 4302338,
			"M": true,
			"q": "346.00000000",
			"s": "NAVBTC",
			"a": 3039457,
			"T": 1592063804942,
			"e": "aggTrade",
			"p": "0.00001799",
			"f": 4302337
		}, {
			"m": false,
			"E": 1592063804989,
			"l": 4302339,
			"M": true,
			"q": "188.00000000",
			"s": "NAVBTC",
			"a": 3039458,
			"T": 1592063804987,
			"e": "aggTrade",
			"p": "0.00001798",
			"f": 4302339
		}, {
			"m": false,
			"E": 1592063804989,
			"l": 4302340,
			"M": true,
			"q": "72.00000000",
			"s": "NAVBTC",
			"a": 3039459,
			"T": 1592063804987,
			"e": "aggTrade",
			"p": "0.00001799",
			"f": 4302340
		}, {
			"m": false,
			"E": 1592063804989,
			"l": 4302341,
			"M": true,
			"q": "287.00000000",
			"s": "NAVBTC",
			"a": 3039460,
			"T": 1592063804987,
			"e": "aggTrade",
			"p": "0.00001800",
			"f": 4302341
		}, {
			"m": false,
			"E": 1592063805162,
			"l": 4302342,
			"M": true,
			"q": "1683.00000000",
			"s": "NAVBTC",
			"a": 3039461,
			"T": 1592063805160,
			"e": "aggTrade",
			"p": "0.00001800",
			"f": 4302342
		}, {
			"m": false,
			"E": 1592063805423,
			"l": 4302343,
			"M": true,
			"q": "21.00000000",
			"s": "NAVBTC",
			"a": 3039462,
			"T": 1592063805422,
			"e": "aggTrade",
			"p": "0.00001770",
			"f": 4302343
		}, {
			"m": false,
			"E": 1592063805495,
			"l": 4302344,
			"M": true,
			"q": "73.00000000",
			"s": "NAVBTC",
			"a": 3039463,
			"T": 1592063805494,
			"e": "aggTrade",
			"p": "0.00001797",
			"f": 4302344
		}, {
			"m": true,
			"E": 1592063805665,
			"l": 4302345,
			"M": true,
			"q": "21.00000000",
			"s": "NAVBTC",
			"a": 3039464,
			"T": 1592063805664,
			"e": "aggTrade",
			"p": "0.00001775",
			"f": 4302345
		}, {
			"m": true,
			"E": 1592063805761,
			"l": 4302346,
			"M": true,
			"q": "56.00000000",
			"s": "NAVBTC",
			"a": 3039465,
			"T": 1592063805759,
			"e": "aggTrade",
			"p": "0.00001775",
			"f": 4302346
		}, {
			"m": false,
			"E": 1592063806428,
			"l": 4302347,
			"M": true,
			"q": "172.00000000",
			"s": "NAVBTC",
			"a": 3039466,
			"T": 1592063806426,
			"e": "aggTrade",
			"p": "0.00001773",
			"f": 4302347
		}, {
			"m": false,
			"E": 1592063806430,
			"l": 4302349,
			"M": true,
			"q": "338.00000000",
			"s": "NAVBTC",
			"a": 3039467,
			"T": 1592063806428,
			"e": "aggTrade",
			"p": "0.00001773",
			"f": 4302348
		}, {
			"m": false,
			"E": 1592063806623,
			"l": 4302352,
			"M": true,
			"q": "238.00000000",
			"s": "NAVBTC",
			"a": 3039468,
			"T": 1592063806621,
			"e": "aggTrade",
			"p": "0.00001773",
			"f": 4302350
		}, {
			"m": true,
			"E": 1592063809366,
			"l": 4302353,
			"M": true,
			"q": "131.00000000",
			"s": "NAVBTC",
			"a": 3039469,
			"T": 1592063809364,
			"e": "aggTrade",
			"p": "0.00001763",
			"f": 4302353
		}, {
			"m": true,
			"E": 1592063809667,
			"l": 4302354,
			"M": true,
			"q": "109.00000000",
			"s": "NAVBTC",
			"a": 3039470,
			"T": 1592063809665,
			"e": "aggTrade",
			"p": "0.00001763",
			"f": 4302354
		}, {
			"m": true,
			"E": 1592063809667,
			"l": 4302355,
			"M": true,
			"q": "22.00000000",
			"s": "NAVBTC",
			"a": 3039471,
			"T": 1592063809665,
			"e": "aggTrade",
			"p": "0.00001762",
			"f": 4302355
		}, {
			"m": false,
			"E": 1592063812729,
			"l": 4302356,
			"M": true,
			"q": "11.00000000",
			"s": "NAVBTC",
			"a": 3039472,
			"T": 1592063812727,
			"e": "aggTrade",
			"p": "0.00001770",
			"f": 4302356
		}, {
			"m": false,
			"E": 1592063816432,
			"l": 4302357,
			"M": true,
			"q": "17.00000000",
			"s": "NAVBTC",
			"a": 3039473,
			"T": 1592063816431,
			"e": "aggTrade",
			"p": "0.00001770",
			"f": 4302357
		}, {
			"m": false,
			"E": 1592063816968,
			"l": 4302358,
			"M": true,
			"q": "12.00000000",
			"s": "NAVBTC",
			"a": 3039474,
			"T": 1592063816966,
			"e": "aggTrade",
			"p": "0.00001775",
			"f": 4302358
		}, {
			"m": false,
			"E": 1592063821438,
			"l": 4302359,
			"M": true,
			"q": "6.00000000",
			"s": "NAVBTC",
			"a": 3039475,
			"T": 1592063821436,
			"e": "aggTrade",
			"p": "0.00001774",
			"f": 4302359
		}, {
			"m": true,
			"E": 1592063825158,
			"l": 4302360,
			"M": true,
			"q": "86.00000000",
			"s": "NAVBTC",
			"a": 3039476,
			"T": 1592063825147,
			"e": "aggTrade",
			"p": "0.00001769",
			"f": 4302360
		}, {
			"m": true,
			"E": 1592063825158,
			"l": 4302365,
			"M": true,
			"q": "27.00000000",
			"s": "NAVBTC",
			"a": 3039477,
			"T": 1592063825147,
			"e": "aggTrade",
			"p": "0.00001765",
			"f": 4302361
		}, {
			"m": true,
			"E": 1592063825158,
			"l": 4302366,
			"M": true,
			"q": "323.00000000",
			"s": "NAVBTC",
			"a": 3039478,
			"T": 1592063825147,
			"e": "aggTrade",
			"p": "0.00001763",
			"f": 4302366
		}, {
			"m": true,
			"E": 1592063825158,
			"l": 4302367,
			"M": true,
			"q": "4944.00000000",
			"s": "NAVBTC",
			"a": 3039479,
			"T": 1592063825147,
			"e": "aggTrade",
			"p": "0.00001762",
			"f": 4302367
		}, {
			"m": true,
			"E": 1592063825158,
			"l": 4302368,
			"M": true,
			"q": "232.00000000",
			"s": "NAVBTC",
			"a": 3039480,
			"T": 1592063825147,
			"e": "aggTrade",
			"p": "0.00001759",
			"f": 4302368
		}, {
			"m": true,
			"E": 1592063825158,
			"l": 4302369,
			"M": true,
			"q": "100.00000000",
			"s": "NAVBTC",
			"a": 3039481,
			"T": 1592063825147,
			"e": "aggTrade",
			"p": "0.00001758",
			"f": 4302369
		}, {
			"m": true,
			"E": 1592063825158,
			"l": 4302370,
			"M": true,
			"q": "7.00000000",
			"s": "NAVBTC",
			"a": 3039482,
			"T": 1592063825147,
			"e": "aggTrade",
			"p": "0.00001757",
			"f": 4302370
		}, {
			"m": true,
			"E": 1592063825158,
			"l": 4302380,
			"M": true,
			"q": "8536.00000000",
			"s": "NAVBTC",
			"a": 3039483,
			"T": 1592063825147,
			"e": "aggTrade",
			"p": "0.00001754",
			"f": 4302371
		}, {
			"m": true,
			"E": 1592063825158,
			"l": 4302381,
			"M": true,
			"q": "21.00000000",
			"s": "NAVBTC",
			"a": 3039484,
			"T": 1592063825147,
			"e": "aggTrade",
			"p": "0.00001753",
			"f": 4302381
		}, {
			"m": true,
			"E": 1592063825158,
			"l": 4302382,
			"M": true,
			"q": "241.00000000",
			"s": "NAVBTC",
			"a": 3039485,
			"T": 1592063825147,
			"e": "aggTrade",
			"p": "0.00001751",
			"f": 4302382
		}, {
			"m": true,
			"E": 1592063825158,
			"l": 4302383,
			"M": true,
			"q": "57.00000000",
			"s": "NAVBTC",
			"a": 3039486,
			"T": 1592063825147,
			"e": "aggTrade",
			"p": "0.00001750",
			"f": 4302383
		}, {
			"m": true,
			"E": 1592063825158,
			"l": 4302384,
			"M": true,
			"q": "171.00000000",
			"s": "NAVBTC",
			"a": 3039487,
			"T": 1592063825147,
			"e": "aggTrade",
			"p": "0.00001749",
			"f": 4302384
		}, {
			"m": true,
			"E": 1592063825158,
			"l": 4302385,
			"M": true,
			"q": "33.00000000",
			"s": "NAVBTC",
			"a": 3039488,
			"T": 1592063825147,
			"e": "aggTrade",
			"p": "0.00001748",
			"f": 4302385
		}, {
			"m": true,
			"E": 1592063825158,
			"l": 4302396,
			"M": true,
			"q": "4425.00000000",
			"s": "NAVBTC",
			"a": 3039489,
			"T": 1592063825147,
			"e": "aggTrade",
			"p": "0.00001745",
			"f": 4302386
		}, {
			"m": true,
			"E": 1592063825158,
			"l": 4302400,
			"M": true,
			"q": "1660.00000000",
			"s": "NAVBTC",
			"a": 3039490,
			"T": 1592063825147,
			"e": "aggTrade",
			"p": "0.00001743",
			"f": 4302397
		}, {
			"m": true,
			"E": 1592063825158,
			"l": 4302402,
			"M": true,
			"q": "63.00000000",
			"s": "NAVBTC",
			"a": 3039491,
			"T": 1592063825147,
			"e": "aggTrade",
			"p": "0.00001742",
			"f": 4302401
		}, {
			"m": true,
			"E": 1592063825158,
			"l": 4302404,
			"M": true,
			"q": "354.00000000",
			"s": "NAVBTC",
			"a": 3039492,
			"T": 1592063825147,
			"e": "aggTrade",
			"p": "0.00001741",
			"f": 4302403
		}, {
			"m": true,
			"E": 1592063825158,
			"l": 4302405,
			"M": true,
			"q": "110.00000000",
			"s": "NAVBTC",
			"a": 3039493,
			"T": 1592063825147,
			"e": "aggTrade",
			"p": "0.00001740",
			"f": 4302405
		}, {
			"m": true,
			"E": 1592063825158,
			"l": 4302412,
			"M": true,
			"q": "17644.00000000",
			"s": "NAVBTC",
			"a": 3039494,
			"T": 1592063825147,
			"e": "aggTrade",
			"p": "0.00001739",
			"f": 4302406
		}, {
			"m": true,
			"E": 1592063825487,
			"l": 4302414,
			"M": true,
			"q": "670.00000000",
			"s": "NAVBTC",
			"a": 3039495,
			"T": 1592063825486,
			"e": "aggTrade",
			"p": "0.00001740",
			"f": 4302413
		}, {
			"m": false,
			"E": 1592063825552,
			"l": 4302415,
			"M": true,
			"q": "407.00000000",
			"s": "NAVBTC",
			"a": 3039496,
			"T": 1592063825550,
			"e": "aggTrade",
			"p": "0.00001746",
			"f": 4302415
		}, {
			"m": true,
			"E": 1592063826140,
			"l": 4302416,
			"M": true,
			"q": "407.00000000",
			"s": "NAVBTC",
			"a": 3039497,
			"T": 1592063826139,
			"e": "aggTrade",
			"p": "0.00001743",
			"f": 4302416
		}, {
			"m": true,
			"E": 1592063826140,
			"l": 4302417,
			"M": true,
			"q": "140.00000000",
			"s": "NAVBTC",
			"a": 3039498,
			"T": 1592063826139,
			"e": "aggTrade",
			"p": "0.00001742",
			"f": 4302417
		}, {
			"m": false,
			"E": 1592063827829,
			"l": 4302418,
			"M": true,
			"q": "17.00000000",
			"s": "NAVBTC",
			"a": 3039499,
			"T": 1592063827827,
			"e": "aggTrade",
			"p": "0.00001746",
			"f": 4302418
		}],
		[{
			"m": false,
			"E": 1592063781657,
			"l": 4301818,
			"M": true,
			"q": "624.00000000",
			"s": "NAVBTC",
			"a": 3039326,
			"T": 1592063781655,
			"e": "aggTrade",
			"p": "0.00001765",
			"f": 4301817
		}, {
			"m": false,
			"E": 1592063781657,
			"l": 4301820,
			"M": true,
			"q": "412.00000000",
			"s": "NAVBTC",
			"a": 3039327,
			"T": 1592063781655,
			"e": "aggTrade",
			"p": "0.00001768",
			"f": 4301819
		}, {
			"m": true,
			"E": 1592063791000,
			"l": 4301821,
			"M": true,
			"q": "11.00000000",
			"s": "NAVBTC",
			"a": 3039328,
			"T": 1592063790999,
			"e": "aggTrade",
			"p": "0.00001760",
			"f": 4301821
		}, {
			"m": true,
			"E": 1592063791121,
			"l": 4301822,
			"M": true,
			"q": "103.00000000",
			"s": "NAVBTC",
			"a": 3039329,
			"T": 1592063791119,
			"e": "aggTrade",
			"p": "0.00001760",
			"f": 4301822
		}, {
			"m": true,
			"E": 1592063791474,
			"l": 4301823,
			"M": true,
			"q": "21.00000000",
			"s": "NAVBTC",
			"a": 3039330,
			"T": 1592063791472,
			"e": "aggTrade",
			"p": "0.00001760",
			"f": 4301823
		}, {
			"m": true,
			"E": 1592063791474,
			"l": 4301824,
			"M": true,
			"q": "31.00000000",
			"s": "NAVBTC",
			"a": 3039331,
			"T": 1592063791472,
			"e": "aggTrade",
			"p": "0.00001758",
			"f": 4301824
		}, {
			"m": false,
			"E": 1592063791934,
			"l": 4301825,
			"M": true,
			"q": "5776.00000000",
			"s": "NAVBTC",
			"a": 3039332,
			"T": 1592063791933,
			"e": "aggTrade",
			"p": "0.00001768",
			"f": 4301825
		}, {
			"m": false,
			"E": 1592063792327,
			"l": 4301826,
			"M": true,
			"q": "1239.00000000",
			"s": "NAVBTC",
			"a": 3039333,
			"T": 1592063792326,
			"e": "aggTrade",
			"p": "0.00001768",
			"f": 4301826
		}, {
			"m": false,
			"E": 1592063792440,
			"l": 4301827,
			"M": true,
			"q": "5596.00000000",
			"s": "NAVBTC",
			"a": 3039334,
			"T": 1592063792439,
			"e": "aggTrade",
			"p": "0.00001768",
			"f": 4301827
		}, {
			"m": false,
			"E": 1592063792811,
			"l": 4301830,
			"M": true,
			"q": "832.00000000",
			"s": "NAVBTC",
			"a": 3039335,
			"T": 1592063792808,
			"e": "aggTrade",
			"p": "0.00001769",
			"f": 4301828
		}, {
			"m": false,
			"E": 1592063792811,
			"l": 4301833,
			"M": true,
			"q": "1748.00000000",
			"s": "NAVBTC",
			"a": 3039336,
			"T": 1592063792808,
			"e": "aggTrade",
			"p": "0.00001770",
			"f": 4301831
		}, {
			"m": false,
			"E": 1592063792811,
			"l": 4301834,
			"M": true,
			"q": "21.00000000",
			"s": "NAVBTC",
			"a": 3039337,
			"T": 1592063792808,
			"e": "aggTrade",
			"p": "0.00001772",
			"f": 4301834
		}, {
			"m": false,
			"E": 1592063792811,
			"l": 4301835,
			"M": true,
			"q": "451.00000000",
			"s": "NAVBTC",
			"a": 3039338,
			"T": 1592063792808,
			"e": "aggTrade",
			"p": "0.00001773",
			"f": 4301835
		}, {
			"m": false,
			"E": 1592063792811,
			"l": 4301838,
			"M": true,
			"q": "26658.00000000",
			"s": "NAVBTC",
			"a": 3039339,
			"T": 1592063792808,
			"e": "aggTrade",
			"p": "0.00001774",
			"f": 4301836
		}, {
			"m": false,
			"E": 1592063793745,
			"l": 4301845,
			"M": true,
			"q": "6061.00000000",
			"s": "NAVBTC",
			"a": 3039340,
			"T": 1592063793738,
			"e": "aggTrade",
			"p": "0.00001774",
			"f": 4301839
		}, {
			"m": false,
			"E": 1592063793745,
			"l": 4301850,
			"M": true,
			"q": "2433.00000000",
			"s": "NAVBTC",
			"a": 3039341,
			"T": 1592063793738,
			"e": "aggTrade",
			"p": "0.00001775",
			"f": 4301846
		}, {
			"m": false,
			"E": 1592063793745,
			"l": 4301852,
			"M": true,
			"q": "1007.00000000",
			"s": "NAVBTC",
			"a": 3039342,
			"T": 1592063793738,
			"e": "aggTrade",
			"p": "0.00001776",
			"f": 4301851
		}, {
			"m": false,
			"E": 1592063793745,
			"l": 4301856,
			"M": true,
			"q": "4190.00000000",
			"s": "NAVBTC",
			"a": 3039343,
			"T": 1592063793738,
			"e": "aggTrade",
			"p": "0.00001777",
			"f": 4301853
		}, {
			"m": false,
			"E": 1592063793745,
			"l": 4301860,
			"M": true,
			"q": "3922.00000000",
			"s": "NAVBTC",
			"a": 3039344,
			"T": 1592063793738,
			"e": "aggTrade",
			"p": "0.00001778",
			"f": 4301857
		}, {
			"m": false,
			"E": 1592063793745,
			"l": 4301862,
			"M": true,
			"q": "904.00000000",
			"s": "NAVBTC",
			"a": 3039345,
			"T": 1592063793738,
			"e": "aggTrade",
			"p": "0.00001779",
			"f": 4301861
		}, {
			"m": false,
			"E": 1592063795572,
			"l": 4301865,
			"M": true,
			"q": "856.00000000",
			"s": "NAVBTC",
			"a": 3039346,
			"T": 1592063795568,
			"e": "aggTrade",
			"p": "0.00001779",
			"f": 4301863
		}, {
			"m": false,
			"E": 1592063795572,
			"l": 4301874,
			"M": true,
			"q": "6501.00000000",
			"s": "NAVBTC",
			"a": 3039347,
			"T": 1592063795568,
			"e": "aggTrade",
			"p": "0.00001780",
			"f": 4301866
		}, {
			"m": false,
			"E": 1592063795713,
			"l": 4301875,
			"M": true,
			"q": "983.00000000",
			"s": "NAVBTC",
			"a": 3039348,
			"T": 1592063795707,
			"e": "aggTrade",
			"p": "0.00001780",
			"f": 4301875
		}, {
			"m": false,
			"E": 1592063795713,
			"l": 4301877,
			"M": true,
			"q": "350.00000000",
			"s": "NAVBTC",
			"a": 3039349,
			"T": 1592063795707,
			"e": "aggTrade",
			"p": "0.00001781",
			"f": 4301876
		}, {
			"m": false,
			"E": 1592063795713,
			"l": 4301880,
			"M": true,
			"q": "1323.00000000",
			"s": "NAVBTC",
			"a": 3039350,
			"T": 1592063795707,
			"e": "aggTrade",
			"p": "0.00001782",
			"f": 4301878
		}, {
			"m": false,
			"E": 1592063795713,
			"l": 4301885,
			"M": true,
			"q": "1835.00000000",
			"s": "NAVBTC",
			"a": 3039351,
			"T": 1592063795707,
			"e": "aggTrade",
			"p": "0.00001783",
			"f": 4301881
		}, {
			"m": false,
			"E": 1592063795713,
			"l": 4301886,
			"M": true,
			"q": "36.00000000",
			"s": "NAVBTC",
			"a": 3039352,
			"T": 1592063795707,
			"e": "aggTrade",
			"p": "0.00001784",
			"f": 4301886
		}, {
			"m": false,
			"E": 1592063795713,
			"l": 4301891,
			"M": true,
			"q": "1583.00000000",
			"s": "NAVBTC",
			"a": 3039353,
			"T": 1592063795707,
			"e": "aggTrade",
			"p": "0.00001785",
			"f": 4301887
		}, {
			"m": false,
			"E": 1592063795713,
			"l": 4301893,
			"M": true,
			"q": "27.00000000",
			"s": "NAVBTC",
			"a": 3039354,
			"T": 1592063795707,
			"e": "aggTrade",
			"p": "0.00001786",
			"f": 4301892
		}, {
			"m": false,
			"E": 1592063795713,
			"l": 4301895,
			"M": true,
			"q": "278.00000000",
			"s": "NAVBTC",
			"a": 3039355,
			"T": 1592063795707,
			"e": "aggTrade",
			"p": "0.00001787",
			"f": 4301894
		}, {
			"m": false,
			"E": 1592063795713,
			"l": 4301896,
			"M": true,
			"q": "10.00000000",
			"s": "NAVBTC",
			"a": 3039356,
			"T": 1592063795707,
			"e": "aggTrade",
			"p": "0.00001788",
			"f": 4301896
		}, {
			"m": true,
			"E": 1592063795726,
			"l": 4301897,
			"M": true,
			"q": "408.00000000",
			"s": "NAVBTC",
			"a": 3039357,
			"T": 1592063795725,
			"e": "aggTrade",
			"p": "0.00001788",
			"f": 4301897
		}, {
			"m": false,
			"E": 1592063795823,
			"l": 4301902,
			"M": true,
			"q": "1476.00000000",
			"s": "NAVBTC",
			"a": 3039358,
			"T": 1592063795817,
			"e": "aggTrade",
			"p": "0.00001789",
			"f": 4301898
		}, {
			"m": false,
			"E": 1592063795823,
			"l": 4301915,
			"M": true,
			"q": "6555.00000000",
			"s": "NAVBTC",
			"a": 3039359,
			"T": 1592063795817,
			"e": "aggTrade",
			"p": "0.00001790",
			"f": 4301903
		}, {
			"m": false,
			"E": 1592063795823,
			"l": 4301922,
			"M": true,
			"q": "3253.00000000",
			"s": "NAVBTC",
			"a": 3039360,
			"T": 1592063795817,
			"e": "aggTrade",
			"p": "0.00001792",
			"f": 4301916
		}, {
			"m": true,
			"E": 1592063796425,
			"l": 4301923,
			"M": true,
			"q": "632.00000000",
			"s": "NAVBTC",
			"a": 3039361,
			"T": 1592063796424,
			"e": "aggTrade",
			"p": "0.00001788",
			"f": 4301923
		}, {
			"m": true,
			"E": 1592063796609,
			"l": 4301924,
			"M": true,
			"q": "1414.00000000",
			"s": "NAVBTC",
			"a": 3039362,
			"T": 1592063796607,
			"e": "aggTrade",
			"p": "0.00001788",
			"f": 4301924
		}, {
			"m": true,
			"E": 1592063796938,
			"l": 4301926,
			"M": true,
			"q": "8467.00000000",
			"s": "NAVBTC",
			"a": 3039363,
			"T": 1592063796937,
			"e": "aggTrade",
			"p": "0.00001788",
			"f": 4301925
		}, {
			"m": true,
			"E": 1592063797238,
			"l": 4301927,
			"M": true,
			"q": "1414.00000000",
			"s": "NAVBTC",
			"a": 3039364,
			"T": 1592063797237,
			"e": "aggTrade",
			"p": "0.00001788",
			"f": 4301927
		}, {
			"m": true,
			"E": 1592063797623,
			"l": 4301928,
			"M": true,
			"q": "17.00000000",
			"s": "NAVBTC",
			"a": 3039365,
			"T": 1592063797622,
			"e": "aggTrade",
			"p": "0.00001788",
			"f": 4301928
		}, {
			"m": false,
			"E": 1592063797761,
			"l": 4301930,
			"M": true,
			"q": "684.00000000",
			"s": "NAVBTC",
			"a": 3039366,
			"T": 1592063797754,
			"e": "aggTrade",
			"p": "0.00001792",
			"f": 4301929
		}, {
			"m": false,
			"E": 1592063797761,
			"l": 4301932,
			"M": true,
			"q": "21.00000000",
			"s": "NAVBTC",
			"a": 3039367,
			"T": 1592063797754,
			"e": "aggTrade",
			"p": "0.00001793",
			"f": 4301931
		}, {
			"m": false,
			"E": 1592063797761,
			"l": 4301933,
			"M": true,
			"q": "172.00000000",
			"s": "NAVBTC",
			"a": 3039368,
			"T": 1592063797754,
			"e": "aggTrade",
			"p": "0.00001794",
			"f": 4301933
		}, {
			"m": false,
			"E": 1592063797761,
			"l": 4301938,
			"M": true,
			"q": "2395.00000000",
			"s": "NAVBTC",
			"a": 3039369,
			"T": 1592063797754,
			"e": "aggTrade",
			"p": "0.00001795",
			"f": 4301934
		}, {
			"m": false,
			"E": 1592063797761,
			"l": 4301945,
			"M": true,
			"q": "1242.00000000",
			"s": "NAVBTC",
			"a": 3039370,
			"T": 1592063797754,
			"e": "aggTrade",
			"p": "0.00001796",
			"f": 4301939
		}, {
			"m": false,
			"E": 1592063797761,
			"l": 4301949,
			"M": true,
			"q": "3201.00000000",
			"s": "NAVBTC",
			"a": 3039371,
			"T": 1592063797754,
			"e": "aggTrade",
			"p": "0.00001797",
			"f": 4301946
		}, {
			"m": false,
			"E": 1592063797761,
			"l": 4301954,
			"M": true,
			"q": "571.00000000",
			"s": "NAVBTC",
			"a": 3039372,
			"T": 1592063797754,
			"e": "aggTrade",
			"p": "0.00001798",
			"f": 4301950
		}, {
			"m": true,
			"E": 1592063798537,
			"l": 4301955,
			"M": true,
			"q": "2313.00000000",
			"s": "NAVBTC",
			"a": 3039373,
			"T": 1592063798535,
			"e": "aggTrade",
			"p": "0.00001788",
			"f": 4301955
		}, {
			"m": false,
			"E": 1592063798626,
			"l": 4301958,
			"M": true,
			"q": "348.00000000",
			"s": "NAVBTC",
			"a": 3039374,
			"T": 1592063798624,
			"e": "aggTrade",
			"p": "0.00001798",
			"f": 4301956
		}, {
			"m": false,
			"E": 1592063798626,
			"l": 4301959,
			"M": true,
			"q": "2171.00000000",
			"s": "NAVBTC",
			"a": 3039375,
			"T": 1592063798624,
			"e": "aggTrade",
			"p": "0.00001799",
			"f": 4301959
		}, {
			"m": false,
			"E": 1592063799360,
			"l": 4301972,
			"M": true,
			"q": "3158.00000000",
			"s": "NAVBTC",
			"a": 3039376,
			"T": 1592063799356,
			"e": "aggTrade",
			"p": "0.00001799",
			"f": 4301960
		}, {
			"m": true,
			"E": 1592063801441,
			"l": 4301973,
			"M": true,
			"q": "14.00000000",
			"s": "NAVBTC",
			"a": 3039377,
			"T": 1592063801440,
			"e": "aggTrade",
			"p": "0.00001798",
			"f": 4301973
		}, {
			"m": true,
			"E": 1592063801441,
			"l": 4301975,
			"M": true,
			"q": "841.00000000",
			"s": "NAVBTC",
			"a": 3039378,
			"T": 1592063801440,
			"e": "aggTrade",
			"p": "0.00001788",
			"f": 4301974
		}, {
			"m": true,
			"E": 1592063801591,
			"l": 4301977,
			"M": true,
			"q": "839.00000000",
			"s": "NAVBTC",
			"a": 3039379,
			"T": 1592063801589,
			"e": "aggTrade",
			"p": "0.00001788",
			"f": 4301976
		}, {
			"m": true,
			"E": 1592063802691,
			"l": 4301978,
			"M": true,
			"q": "257.00000000",
			"s": "NAVBTC",
			"a": 3039380,
			"T": 1592063802689,
			"e": "aggTrade",
			"p": "0.00001788",
			"f": 4301978
		}, {
			"m": true,
			"E": 1592063802726,
			"l": 4301979,
			"M": true,
			"q": "18.00000000",
			"s": "NAVBTC",
			"a": 3039381,
			"T": 1592063802725,
			"e": "aggTrade",
			"p": "0.00001788",
			"f": 4301979
		}, {
			"m": true,
			"E": 1592063802728,
			"l": 4301981,
			"M": true,
			"q": "97.00000000",
			"s": "NAVBTC",
			"a": 3039382,
			"T": 1592063802726,
			"e": "aggTrade",
			"p": "0.00001788",
			"f": 4301980
		}, {
			"m": true,
			"E": 1592063802731,
			"l": 4301982,
			"M": true,
			"q": "572.00000000",
			"s": "NAVBTC",
			"a": 3039383,
			"T": 1592063802729,
			"e": "aggTrade",
			"p": "0.00001788",
			"f": 4301982
		}, {
			"m": true,
			"E": 1592063802732,
			"l": 4301990,
			"M": true,
			"q": "5718.00000000",
			"s": "NAVBTC",
			"a": 3039384,
			"T": 1592063802730,
			"e": "aggTrade",
			"p": "0.00001788",
			"f": 4301983
		}, {
			"m": true,
			"E": 1592063802739,
			"l": 4301991,
			"M": true,
			"q": "349.00000000",
			"s": "NAVBTC",
			"a": 3039385,
			"T": 1592063802737,
			"e": "aggTrade",
			"p": "0.00001788",
			"f": 4301991
		}, {
			"m": true,
			"E": 1592063802739,
			"l": 4302001,
			"M": true,
			"q": "634.00000000",
			"s": "NAVBTC",
			"a": 3039386,
			"T": 1592063802737,
			"e": "aggTrade",
			"p": "0.00001772",
			"f": 4301992
		}, {
			"m": true,
			"E": 1592063802739,
			"l": 4302002,
			"M": true,
			"q": "733.00000000",
			"s": "NAVBTC",
			"a": 3039387,
			"T": 1592063802737,
			"e": "aggTrade",
			"p": "0.00001770",
			"f": 4302002
		}, {
			"m": true,
			"E": 1592063802741,
			"l": 4302003,
			"M": true,
			"q": "115.00000000",
			"s": "NAVBTC",
			"a": 3039388,
			"T": 1592063802740,
			"e": "aggTrade",
			"p": "0.00001770",
			"f": 4302003
		}, {
			"m": true,
			"E": 1592063802742,
			"l": 4302004,
			"M": true,
			"q": "28.00000000",
			"s": "NAVBTC",
			"a": 3039389,
			"T": 1592063802740,
			"e": "aggTrade",
			"p": "0.00001770",
			"f": 4302004
		}, {
			"m": true,
			"E": 1592063802746,
			"l": 4302005,
			"M": true,
			"q": "92.00000000",
			"s": "NAVBTC",
			"a": 3039390,
			"T": 1592063802745,
			"e": "aggTrade",
			"p": "0.00001770",
			"f": 4302005
		}, {
			"m": true,
			"E": 1592063802759,
			"l": 4302006,
			"M": true,
			"q": "86.00000000",
			"s": "NAVBTC",
			"a": 3039391,
			"T": 1592063802758,
			"e": "aggTrade",
			"p": "0.00001771",
			"f": 4302006
		}, {
			"m": true,
			"E": 1592063802776,
			"l": 4302007,
			"M": true,
			"q": "16.00000000",
			"s": "NAVBTC",
			"a": 3039392,
			"T": 1592063802775,
			"e": "aggTrade",
			"p": "0.00001770",
			"f": 4302007
		}, {
			"m": true,
			"E": 1592063802777,
			"l": 4302008,
			"M": true,
			"q": "172.00000000",
			"s": "NAVBTC",
			"a": 3039393,
			"T": 1592063802776,
			"e": "aggTrade",
			"p": "0.00001770",
			"f": 4302008
		}, {
			"m": true,
			"E": 1592063803131,
			"l": 4302010,
			"M": true,
			"q": "115.00000000",
			"s": "NAVBTC",
			"a": 3039394,
			"T": 1592063803129,
			"e": "aggTrade",
			"p": "0.00001770",
			"f": 4302009
		}, {
			"m": true,
			"E": 1592063803132,
			"l": 4302011,
			"M": true,
			"q": "58.00000000",
			"s": "NAVBTC",
			"a": 3039395,
			"T": 1592063803131,
			"e": "aggTrade",
			"p": "0.00001770",
			"f": 4302011
		}, {
			"m": true,
			"E": 1592063803133,
			"l": 4302012,
			"M": true,
			"q": "744.00000000",
			"s": "NAVBTC",
			"a": 3039396,
			"T": 1592063803132,
			"e": "aggTrade",
			"p": "0.00001770",
			"f": 4302012
		}, {
			"m": true,
			"E": 1592063803137,
			"l": 4302018,
			"M": true,
			"q": "3368.00000000",
			"s": "NAVBTC",
			"a": 3039397,
			"T": 1592063803132,
			"e": "aggTrade",
			"p": "0.00001770",
			"f": 4302013
		}, {
			"m": true,
			"E": 1592063803137,
			"l": 4302038,
			"M": true,
			"q": "803.00000000",
			"s": "NAVBTC",
			"a": 3039398,
			"T": 1592063803132,
			"e": "aggTrade",
			"p": "0.00001769",
			"f": 4302019
		}, {
			"m": true,
			"E": 1592063803137,
			"l": 4302039,
			"M": true,
			"q": "224.00000000",
			"s": "NAVBTC",
			"a": 3039399,
			"T": 1592063803132,
			"e": "aggTrade",
			"p": "0.00001765",
			"f": 4302039
		}, {
			"m": true,
			"E": 1592063803137,
			"l": 4302040,
			"M": true,
			"q": "237.00000000",
			"s": "NAVBTC",
			"a": 3039400,
			"T": 1592063803132,
			"e": "aggTrade",
			"p": "0.00001764",
			"f": 4302040
		}, {
			"m": true,
			"E": 1592063803137,
			"l": 4302041,
			"M": true,
			"q": "238.00000000",
			"s": "NAVBTC",
			"a": 3039401,
			"T": 1592063803132,
			"e": "aggTrade",
			"p": "0.00001763",
			"f": 4302041
		}, {
			"m": true,
			"E": 1592063803137,
			"l": 4302042,
			"M": true,
			"q": "833.00000000",
			"s": "NAVBTC",
			"a": 3039402,
			"T": 1592063803132,
			"e": "aggTrade",
			"p": "0.00001759",
			"f": 4302042
		}, {
			"m": true,
			"E": 1592063803138,
			"l": 4302043,
			"M": true,
			"q": "180.00000000",
			"s": "NAVBTC",
			"a": 3039403,
			"T": 1592063803133,
			"e": "aggTrade",
			"p": "0.00001759",
			"f": 4302043
		}, {
			"m": true,
			"E": 1592063803138,
			"l": 4302045,
			"M": true,
			"q": "173.00000000",
			"s": "NAVBTC",
			"a": 3039404,
			"T": 1592063803133,
			"e": "aggTrade",
			"p": "0.00001758",
			"f": 4302044
		}, {
			"m": true,
			"E": 1592063803138,
			"l": 4302047,
			"M": true,
			"q": "31.00000000",
			"s": "NAVBTC",
			"a": 3039405,
			"T": 1592063803133,
			"e": "aggTrade",
			"p": "0.00001753",
			"f": 4302046
		}, {
			"m": true,
			"E": 1592063803138,
			"l": 4302048,
			"M": true,
			"q": "187.00000000",
			"s": "NAVBTC",
			"a": 3039406,
			"T": 1592063803133,
			"e": "aggTrade",
			"p": "0.00001749",
			"f": 4302048
		}, {
			"m": true,
			"E": 1592063803142,
			"l": 4302049,
			"M": true,
			"q": "55.00000000",
			"s": "NAVBTC",
			"a": 3039407,
			"T": 1592063803140,
			"e": "aggTrade",
			"p": "0.00001749",
			"f": 4302049
		}, {
			"m": true,
			"E": 1592063803142,
			"l": 4302051,
			"M": true,
			"q": "173.00000000",
			"s": "NAVBTC",
			"a": 3039408,
			"T": 1592063803140,
			"e": "aggTrade",
			"p": "0.00001747",
			"f": 4302050
		}, {
			"m": true,
			"E": 1592063803147,
			"l": 4302052,
			"M": true,
			"q": "83.00000000",
			"s": "NAVBTC",
			"a": 3039409,
			"T": 1592063803146,
			"e": "aggTrade",
			"p": "0.00001747",
			"f": 4302052
		}, {
			"m": true,
			"E": 1592063803149,
			"l": 4302053,
			"M": true,
			"q": "172.00000000",
			"s": "NAVBTC",
			"a": 3039410,
			"T": 1592063803148,
			"e": "aggTrade",
			"p": "0.00001747",
			"f": 4302053
		}, {
			"m": true,
			"E": 1592063803155,
			"l": 4302058,
			"M": true,
			"q": "1144.00000000",
			"s": "NAVBTC",
			"a": 3039411,
			"T": 1592063803153,
			"e": "aggTrade",
			"p": "0.00001747",
			"f": 4302054
		}, {
			"m": true,
			"E": 1592063803163,
			"l": 4302059,
			"M": true,
			"q": "76.00000000",
			"s": "NAVBTC",
			"a": 3039412,
			"T": 1592063803162,
			"e": "aggTrade",
			"p": "0.00001747",
			"f": 4302059
		}, {
			"m": true,
			"E": 1592063803166,
			"l": 4302069,
			"M": true,
			"q": "2041.00000000",
			"s": "NAVBTC",
			"a": 3039413,
			"T": 1592063803163,
			"e": "aggTrade",
			"p": "0.00001747",
			"f": 4302060
		}, {
			"m": true,
			"E": 1592063803166,
			"l": 4302070,
			"M": true,
			"q": "256.00000000",
			"s": "NAVBTC",
			"a": 3039414,
			"T": 1592063803163,
			"e": "aggTrade",
			"p": "0.00001745",
			"f": 4302070
		}, {
			"m": true,
			"E": 1592063803169,
			"l": 4302071,
			"M": true,
			"q": "30.00000000",
			"s": "NAVBTC",
			"a": 3039415,
			"T": 1592063803167,
			"e": "aggTrade",
			"p": "0.00001745",
			"f": 4302071
		}, {
			"m": true,
			"E": 1592063803169,
			"l": 4302072,
			"M": true,
			"q": "199.00000000",
			"s": "NAVBTC",
			"a": 3039416,
			"T": 1592063803167,
			"e": "aggTrade",
			"p": "0.00001743",
			"f": 4302072
		}, {
			"m": true,
			"E": 1592063803170,
			"l": 4302073,
			"M": true,
			"q": "58.00000000",
			"s": "NAVBTC",
			"a": 3039417,
			"T": 1592063803168,
			"e": "aggTrade",
			"p": "0.00001743",
			"f": 4302073
		}, {
			"m": true,
			"E": 1592063803172,
			"l": 4302074,
			"M": true,
			"q": "6.00000000",
			"s": "NAVBTC",
			"a": 3039418,
			"T": 1592063803171,
			"e": "aggTrade",
			"p": "0.00001743",
			"f": 4302074
		}, {
			"m": true,
			"E": 1592063803181,
			"l": 4302075,
			"M": true,
			"q": "58.00000000",
			"s": "NAVBTC",
			"a": 3039419,
			"T": 1592063803180,
			"e": "aggTrade",
			"p": "0.00001743",
			"f": 4302075
		}, {
			"m": true,
			"E": 1592063803183,
			"l": 4302076,
			"M": true,
			"q": "58.00000000",
			"s": "NAVBTC",
			"a": 3039420,
			"T": 1592063803182,
			"e": "aggTrade",
			"p": "0.00001743",
			"f": 4302076
		}, {
			"m": true,
			"E": 1592063803196,
			"l": 4302077,
			"M": true,
			"q": "29.00000000",
			"s": "NAVBTC",
			"a": 3039421,
			"T": 1592063803195,
			"e": "aggTrade",
			"p": "0.00001743",
			"f": 4302077
		}, {
			"m": true,
			"E": 1592063803197,
			"l": 4302078,
			"M": true,
			"q": "30.00000000",
			"s": "NAVBTC",
			"a": 3039422,
			"T": 1592063803195,
			"e": "aggTrade",
			"p": "0.00001743",
			"f": 4302078
		}, {
			"m": true,
			"E": 1592063803549,
			"l": 4302079,
			"M": true,
			"q": "2288.00000000",
			"s": "NAVBTC",
			"a": 3039423,
			"T": 1592063803548,
			"e": "aggTrade",
			"p": "0.00001744",
			"f": 4302079
		}, {
			"m": true,
			"E": 1592063803554,
			"l": 4302080,
			"M": true,
			"q": "297.00000000",
			"s": "NAVBTC",
			"a": 3039424,
			"T": 1592063803552,
			"e": "aggTrade",
			"p": "0.00001744",
			"f": 4302080
		}, {
			"m": true,
			"E": 1592063803586,
			"l": 4302081,
			"M": true,
			"q": "112.00000000",
			"s": "NAVBTC",
			"a": 3039425,
			"T": 1592063803584,
			"e": "aggTrade",
			"p": "0.00001744",
			"f": 4302081
		}, {
			"m": true,
			"E": 1592063803604,
			"l": 4302082,
			"M": true,
			"q": "44.00000000",
			"s": "NAVBTC",
			"a": 3039426,
			"T": 1592063803602,
			"e": "aggTrade",
			"p": "0.00001744",
			"f": 4302082
		}, {
			"m": true,
			"E": 1592063803604,
			"l": 4302084,
			"M": true,
			"q": "242.00000000",
			"s": "NAVBTC",
			"a": 3039427,
			"T": 1592063803602,
			"e": "aggTrade",
			"p": "0.00001742",
			"f": 4302083
		}, {
			"m": true,
			"E": 1592063803605,
			"l": 4302086,
			"M": true,
			"q": "58.00000000",
			"s": "NAVBTC",
			"a": 3039428,
			"T": 1592063803604,
			"e": "aggTrade",
			"p": "0.00001742",
			"f": 4302085
		}, {
			"m": true,
			"E": 1592063803612,
			"l": 4302087,
			"M": true,
			"q": "6.00000000",
			"s": "NAVBTC",
			"a": 3039429,
			"T": 1592063803610,
			"e": "aggTrade",
			"p": "0.00001742",
			"f": 4302087
		}, {
			"m": true,
			"E": 1592063803612,
			"l": 4302089,
			"M": true,
			"q": "411.00000000",
			"s": "NAVBTC",
			"a": 3039430,
			"T": 1592063803610,
			"e": "aggTrade",
			"p": "0.00001741",
			"f": 4302088
		}, {
			"m": true,
			"E": 1592063803612,
			"l": 4302090,
			"M": true,
			"q": "151.00000000",
			"s": "NAVBTC",
			"a": 3039431,
			"T": 1592063803610,
			"e": "aggTrade",
			"p": "0.00001740",
			"f": 4302090
		}, {
			"m": true,
			"E": 1592063803646,
			"l": 4302091,
			"M": true,
			"q": "57.00000000",
			"s": "NAVBTC",
			"a": 3039432,
			"T": 1592063803645,
			"e": "aggTrade",
			"p": "0.00001740",
			"f": 4302091
		}, {
			"m": true,
			"E": 1592063803652,
			"l": 4302092,
			"M": true,
			"q": "19.00000000",
			"s": "NAVBTC",
			"a": 3039433,
			"T": 1592063803650,
			"e": "aggTrade",
			"p": "0.00001740",
			"f": 4302092
		}, {
			"m": true,
			"E": 1592063803652,
			"l": 4302094,
			"M": true,
			"q": "725.00000000",
			"s": "NAVBTC",
			"a": 3039434,
			"T": 1592063803650,
			"e": "aggTrade",
			"p": "0.00001738",
			"f": 4302093
		}, {
			"m": true,
			"E": 1592063803723,
			"l": 4302097,
			"M": true,
			"q": "503.00000000",
			"s": "NAVBTC",
			"a": 3039435,
			"T": 1592063803720,
			"e": "aggTrade",
			"p": "0.00001737",
			"f": 4302095
		}, {
			"m": true,
			"E": 1592063803723,
			"l": 4302108,
			"M": true,
			"q": "684.00000000",
			"s": "NAVBTC",
			"a": 3039436,
			"T": 1592063803720,
			"e": "aggTrade",
			"p": "0.00001736",
			"f": 4302098
		}, {
			"m": true,
			"E": 1592063803723,
			"l": 4302109,
			"M": true,
			"q": "60.00000000",
			"s": "NAVBTC",
			"a": 3039437,
			"T": 1592063803720,
			"e": "aggTrade",
			"p": "0.00001734",
			"f": 4302109
		}, {
			"m": false,
			"E": 1592063803976,
			"l": 4302110,
			"M": true,
			"q": "31.00000000",
			"s": "NAVBTC",
			"a": 3039438,
			"T": 1592063803974,
			"e": "aggTrade",
			"p": "0.00001755",
			"f": 4302110
		}, {
			"m": false,
			"E": 1592063804578,
			"l": 4302120,
			"M": true,
			"q": "539.00000000",
			"s": "NAVBTC",
			"a": 3039439,
			"T": 1592063804549,
			"e": "aggTrade",
			"p": "0.00001755",
			"f": 4302111
		}, {
			"m": false,
			"E": 1592063804578,
			"l": 4302130,
			"M": true,
			"q": "241.00000000",
			"s": "NAVBTC",
			"a": 3039440,
			"T": 1592063804549,
			"e": "aggTrade",
			"p": "0.00001760",
			"f": 4302121
		}, {
			"m": false,
			"E": 1592063804578,
			"l": 4302131,
			"M": true,
			"q": "232.00000000",
			"s": "NAVBTC",
			"a": 3039441,
			"T": 1592063804549,
			"e": "aggTrade",
			"p": "0.00001764",
			"f": 4302131
		}, {
			"m": false,
			"E": 1592063804578,
			"l": 4302132,
			"M": true,
			"q": "56.00000000",
			"s": "NAVBTC",
			"a": 3039442,
			"T": 1592063804549,
			"e": "aggTrade",
			"p": "0.00001769",
			"f": 4302132
		}, {
			"m": false,
			"E": 1592063804578,
			"l": 4302133,
			"M": true,
			"q": "227.00000000",
			"s": "NAVBTC",
			"a": 3039443,
			"T": 1592063804549,
			"e": "aggTrade",
			"p": "0.00001775",
			"f": 4302133
		}, {
			"m": false,
			"E": 1592063804578,
			"l": 4302134,
			"M": true,
			"q": "2563.00000000",
			"s": "NAVBTC",
			"a": 3039444,
			"T": 1592063804549,
			"e": "aggTrade",
			"p": "0.00001776",
			"f": 4302134
		}, {
			"m": false,
			"E": 1592063804578,
			"l": 4302136,
			"M": true,
			"q": "329.00000000",
			"s": "NAVBTC",
			"a": 3039445,
			"T": 1592063804549,
			"e": "aggTrade",
			"p": "0.00001777",
			"f": 4302135
		}, {
			"m": false,
			"E": 1592063804578,
			"l": 4302137,
			"M": true,
			"q": "170.00000000",
			"s": "NAVBTC",
			"a": 3039446,
			"T": 1592063804549,
			"e": "aggTrade",
			"p": "0.00001781",
			"f": 4302137
		}, {
			"m": false,
			"E": 1592063804578,
			"l": 4302147,
			"M": true,
			"q": "239.00000000",
			"s": "NAVBTC",
			"a": 3039447,
			"T": 1592063804549,
			"e": "aggTrade",
			"p": "0.00001783",
			"f": 4302138
		}, {
			"m": false,
			"E": 1592063804578,
			"l": 4302148,
			"M": true,
			"q": "242.00000000",
			"s": "NAVBTC",
			"a": 3039448,
			"T": 1592063804549,
			"e": "aggTrade",
			"p": "0.00001784",
			"f": 4302148
		}, {
			"m": false,
			"E": 1592063804578,
			"l": 4302158,
			"M": true,
			"q": "239.00000000",
			"s": "NAVBTC",
			"a": 3039449,
			"T": 1592063804549,
			"e": "aggTrade",
			"p": "0.00001785",
			"f": 4302149
		}, {
			"m": false,
			"E": 1592063804578,
			"l": 4302228,
			"M": true,
			"q": "3728.00000000",
			"s": "NAVBTC",
			"a": 3039450,
			"T": 1592063804549,
			"e": "aggTrade",
			"p": "0.00001786",
			"f": 4302159
		}, {
			"m": false,
			"E": 1592063804578,
			"l": 4302268,
			"M": true,
			"q": "4972.00000000",
			"s": "NAVBTC",
			"a": 3039451,
			"T": 1592063804549,
			"e": "aggTrade",
			"p": "0.00001787",
			"f": 4302229
		}, {
			"m": false,
			"E": 1592063804578,
			"l": 4302278,
			"M": true,
			"q": "237.00000000",
			"s": "NAVBTC",
			"a": 3039452,
			"T": 1592063804549,
			"e": "aggTrade",
			"p": "0.00001792",
			"f": 4302269
		}, {
			"m": false,
			"E": 1592063804578,
			"l": 4302283,
			"M": true,
			"q": "9870.00000000",
			"s": "NAVBTC",
			"a": 3039453,
			"T": 1592063804549,
			"e": "aggTrade",
			"p": "0.00001799",
			"f": 4302279
		}, {
			"m": false,
			"E": 1592063804578,
			"l": 4302334,
			"M": true,
			"q": "15150.00000000",
			"s": "NAVBTC",
			"a": 3039454,
			"T": 1592063804549,
			"e": "aggTrade",
			"p": "0.00001800",
			"f": 4302284
		}, {
			"m": false,
			"E": 1592063804944,
			"l": 4302335,
			"M": true,
			"q": "7.00000000",
			"s": "NAVBTC",
			"a": 3039455,
			"T": 1592063804942,
			"e": "aggTrade",
			"p": "0.00001776",
			"f": 4302335
		}, {
			"m": false,
			"E": 1592063804944,
			"l": 4302336,
			"M": true,
			"q": "317.00000000",
			"s": "NAVBTC",
			"a": 3039456,
			"T": 1592063804942,
			"e": "aggTrade",
			"p": "0.00001798",
			"f": 4302336
		}, {
			"m": false,
			"E": 1592063804944,
			"l": 4302338,
			"M": true,
			"q": "346.00000000",
			"s": "NAVBTC",
			"a": 3039457,
			"T": 1592063804942,
			"e": "aggTrade",
			"p": "0.00001799",
			"f": 4302337
		}, {
			"m": false,
			"E": 1592063804989,
			"l": 4302339,
			"M": true,
			"q": "188.00000000",
			"s": "NAVBTC",
			"a": 3039458,
			"T": 1592063804987,
			"e": "aggTrade",
			"p": "0.00001798",
			"f": 4302339
		}, {
			"m": false,
			"E": 1592063804989,
			"l": 4302340,
			"M": true,
			"q": "72.00000000",
			"s": "NAVBTC",
			"a": 3039459,
			"T": 1592063804987,
			"e": "aggTrade",
			"p": "0.00001799",
			"f": 4302340
		}, {
			"m": false,
			"E": 1592063804989,
			"l": 4302341,
			"M": true,
			"q": "287.00000000",
			"s": "NAVBTC",
			"a": 3039460,
			"T": 1592063804987,
			"e": "aggTrade",
			"p": "0.00001800",
			"f": 4302341
		}, {
			"m": false,
			"E": 1592063805162,
			"l": 4302342,
			"M": true,
			"q": "1683.00000000",
			"s": "NAVBTC",
			"a": 3039461,
			"T": 1592063805160,
			"e": "aggTrade",
			"p": "0.00001800",
			"f": 4302342
		}, {
			"m": false,
			"E": 1592063805423,
			"l": 4302343,
			"M": true,
			"q": "21.00000000",
			"s": "NAVBTC",
			"a": 3039462,
			"T": 1592063805422,
			"e": "aggTrade",
			"p": "0.00001770",
			"f": 4302343
		}, {
			"m": false,
			"E": 1592063805495,
			"l": 4302344,
			"M": true,
			"q": "73.00000000",
			"s": "NAVBTC",
			"a": 3039463,
			"T": 1592063805494,
			"e": "aggTrade",
			"p": "0.00001797",
			"f": 4302344
		}, {
			"m": true,
			"E": 1592063805665,
			"l": 4302345,
			"M": true,
			"q": "21.00000000",
			"s": "NAVBTC",
			"a": 3039464,
			"T": 1592063805664,
			"e": "aggTrade",
			"p": "0.00001775",
			"f": 4302345
		}, {
			"m": true,
			"E": 1592063805761,
			"l": 4302346,
			"M": true,
			"q": "56.00000000",
			"s": "NAVBTC",
			"a": 3039465,
			"T": 1592063805759,
			"e": "aggTrade",
			"p": "0.00001775",
			"f": 4302346
		}, {
			"m": false,
			"E": 1592063806428,
			"l": 4302347,
			"M": true,
			"q": "172.00000000",
			"s": "NAVBTC",
			"a": 3039466,
			"T": 1592063806426,
			"e": "aggTrade",
			"p": "0.00001773",
			"f": 4302347
		}, {
			"m": false,
			"E": 1592063806430,
			"l": 4302349,
			"M": true,
			"q": "338.00000000",
			"s": "NAVBTC",
			"a": 3039467,
			"T": 1592063806428,
			"e": "aggTrade",
			"p": "0.00001773",
			"f": 4302348
		}, {
			"m": false,
			"E": 1592063806623,
			"l": 4302352,
			"M": true,
			"q": "238.00000000",
			"s": "NAVBTC",
			"a": 3039468,
			"T": 1592063806621,
			"e": "aggTrade",
			"p": "0.00001773",
			"f": 4302350
		}, {
			"m": true,
			"E": 1592063809366,
			"l": 4302353,
			"M": true,
			"q": "131.00000000",
			"s": "NAVBTC",
			"a": 3039469,
			"T": 1592063809364,
			"e": "aggTrade",
			"p": "0.00001763",
			"f": 4302353
		}, {
			"m": true,
			"E": 1592063809667,
			"l": 4302354,
			"M": true,
			"q": "109.00000000",
			"s": "NAVBTC",
			"a": 3039470,
			"T": 1592063809665,
			"e": "aggTrade",
			"p": "0.00001763",
			"f": 4302354
		}, {
			"m": true,
			"E": 1592063809667,
			"l": 4302355,
			"M": true,
			"q": "22.00000000",
			"s": "NAVBTC",
			"a": 3039471,
			"T": 1592063809665,
			"e": "aggTrade",
			"p": "0.00001762",
			"f": 4302355
		}, {
			"m": false,
			"E": 1592063812729,
			"l": 4302356,
			"M": true,
			"q": "11.00000000",
			"s": "NAVBTC",
			"a": 3039472,
			"T": 1592063812727,
			"e": "aggTrade",
			"p": "0.00001770",
			"f": 4302356
		}, {
			"m": false,
			"E": 1592063816432,
			"l": 4302357,
			"M": true,
			"q": "17.00000000",
			"s": "NAVBTC",
			"a": 3039473,
			"T": 1592063816431,
			"e": "aggTrade",
			"p": "0.00001770",
			"f": 4302357
		}, {
			"m": false,
			"E": 1592063816968,
			"l": 4302358,
			"M": true,
			"q": "12.00000000",
			"s": "NAVBTC",
			"a": 3039474,
			"T": 1592063816966,
			"e": "aggTrade",
			"p": "0.00001775",
			"f": 4302358
		}, {
			"m": false,
			"E": 1592063821438,
			"l": 4302359,
			"M": true,
			"q": "6.00000000",
			"s": "NAVBTC",
			"a": 3039475,
			"T": 1592063821436,
			"e": "aggTrade",
			"p": "0.00001774",
			"f": 4302359
		}, {
			"m": true,
			"E": 1592063825158,
			"l": 4302360,
			"M": true,
			"q": "86.00000000",
			"s": "NAVBTC",
			"a": 3039476,
			"T": 1592063825147,
			"e": "aggTrade",
			"p": "0.00001769",
			"f": 4302360
		}, {
			"m": true,
			"E": 1592063825158,
			"l": 4302365,
			"M": true,
			"q": "27.00000000",
			"s": "NAVBTC",
			"a": 3039477,
			"T": 1592063825147,
			"e": "aggTrade",
			"p": "0.00001765",
			"f": 4302361
		}, {
			"m": true,
			"E": 1592063825158,
			"l": 4302366,
			"M": true,
			"q": "323.00000000",
			"s": "NAVBTC",
			"a": 3039478,
			"T": 1592063825147,
			"e": "aggTrade",
			"p": "0.00001763",
			"f": 4302366
		}, {
			"m": true,
			"E": 1592063825158,
			"l": 4302367,
			"M": true,
			"q": "4944.00000000",
			"s": "NAVBTC",
			"a": 3039479,
			"T": 1592063825147,
			"e": "aggTrade",
			"p": "0.00001762",
			"f": 4302367
		}, {
			"m": true,
			"E": 1592063825158,
			"l": 4302368,
			"M": true,
			"q": "232.00000000",
			"s": "NAVBTC",
			"a": 3039480,
			"T": 1592063825147,
			"e": "aggTrade",
			"p": "0.00001759",
			"f": 4302368
		}, {
			"m": true,
			"E": 1592063825158,
			"l": 4302369,
			"M": true,
			"q": "100.00000000",
			"s": "NAVBTC",
			"a": 3039481,
			"T": 1592063825147,
			"e": "aggTrade",
			"p": "0.00001758",
			"f": 4302369
		}, {
			"m": true,
			"E": 1592063825158,
			"l": 4302370,
			"M": true,
			"q": "7.00000000",
			"s": "NAVBTC",
			"a": 3039482,
			"T": 1592063825147,
			"e": "aggTrade",
			"p": "0.00001757",
			"f": 4302370
		}, {
			"m": true,
			"E": 1592063825158,
			"l": 4302380,
			"M": true,
			"q": "8536.00000000",
			"s": "NAVBTC",
			"a": 3039483,
			"T": 1592063825147,
			"e": "aggTrade",
			"p": "0.00001754",
			"f": 4302371
		}, {
			"m": true,
			"E": 1592063825158,
			"l": 4302381,
			"M": true,
			"q": "21.00000000",
			"s": "NAVBTC",
			"a": 3039484,
			"T": 1592063825147,
			"e": "aggTrade",
			"p": "0.00001753",
			"f": 4302381
		}, {
			"m": true,
			"E": 1592063825158,
			"l": 4302382,
			"M": true,
			"q": "241.00000000",
			"s": "NAVBTC",
			"a": 3039485,
			"T": 1592063825147,
			"e": "aggTrade",
			"p": "0.00001751",
			"f": 4302382
		}, {
			"m": true,
			"E": 1592063825158,
			"l": 4302383,
			"M": true,
			"q": "57.00000000",
			"s": "NAVBTC",
			"a": 3039486,
			"T": 1592063825147,
			"e": "aggTrade",
			"p": "0.00001750",
			"f": 4302383
		}, {
			"m": true,
			"E": 1592063825158,
			"l": 4302384,
			"M": true,
			"q": "171.00000000",
			"s": "NAVBTC",
			"a": 3039487,
			"T": 1592063825147,
			"e": "aggTrade",
			"p": "0.00001749",
			"f": 4302384
		}, {
			"m": true,
			"E": 1592063825158,
			"l": 4302385,
			"M": true,
			"q": "33.00000000",
			"s": "NAVBTC",
			"a": 3039488,
			"T": 1592063825147,
			"e": "aggTrade",
			"p": "0.00001748",
			"f": 4302385
		}, {
			"m": true,
			"E": 1592063825158,
			"l": 4302396,
			"M": true,
			"q": "4425.00000000",
			"s": "NAVBTC",
			"a": 3039489,
			"T": 1592063825147,
			"e": "aggTrade",
			"p": "0.00001745",
			"f": 4302386
		}, {
			"m": true,
			"E": 1592063825158,
			"l": 4302400,
			"M": true,
			"q": "1660.00000000",
			"s": "NAVBTC",
			"a": 3039490,
			"T": 1592063825147,
			"e": "aggTrade",
			"p": "0.00001743",
			"f": 4302397
		}, {
			"m": true,
			"E": 1592063825158,
			"l": 4302402,
			"M": true,
			"q": "63.00000000",
			"s": "NAVBTC",
			"a": 3039491,
			"T": 1592063825147,
			"e": "aggTrade",
			"p": "0.00001742",
			"f": 4302401
		}, {
			"m": true,
			"E": 1592063825158,
			"l": 4302404,
			"M": true,
			"q": "354.00000000",
			"s": "NAVBTC",
			"a": 3039492,
			"T": 1592063825147,
			"e": "aggTrade",
			"p": "0.00001741",
			"f": 4302403
		}, {
			"m": true,
			"E": 1592063825158,
			"l": 4302405,
			"M": true,
			"q": "110.00000000",
			"s": "NAVBTC",
			"a": 3039493,
			"T": 1592063825147,
			"e": "aggTrade",
			"p": "0.00001740",
			"f": 4302405
		}, {
			"m": true,
			"E": 1592063825158,
			"l": 4302412,
			"M": true,
			"q": "17644.00000000",
			"s": "NAVBTC",
			"a": 3039494,
			"T": 1592063825147,
			"e": "aggTrade",
			"p": "0.00001739",
			"f": 4302406
		}, {
			"m": true,
			"E": 1592063825487,
			"l": 4302414,
			"M": true,
			"q": "670.00000000",
			"s": "NAVBTC",
			"a": 3039495,
			"T": 1592063825486,
			"e": "aggTrade",
			"p": "0.00001740",
			"f": 4302413
		}, {
			"m": false,
			"E": 1592063825552,
			"l": 4302415,
			"M": true,
			"q": "407.00000000",
			"s": "NAVBTC",
			"a": 3039496,
			"T": 1592063825550,
			"e": "aggTrade",
			"p": "0.00001746",
			"f": 4302415
		}, {
			"m": true,
			"E": 1592063826140,
			"l": 4302416,
			"M": true,
			"q": "407.00000000",
			"s": "NAVBTC",
			"a": 3039497,
			"T": 1592063826139,
			"e": "aggTrade",
			"p": "0.00001743",
			"f": 4302416
		}, {
			"m": true,
			"E": 1592063826140,
			"l": 4302417,
			"M": true,
			"q": "140.00000000",
			"s": "NAVBTC",
			"a": 3039498,
			"T": 1592063826139,
			"e": "aggTrade",
			"p": "0.00001742",
			"f": 4302417
		}, {
			"m": false,
			"E": 1592063827829,
			"l": 4302418,
			"M": true,
			"q": "17.00000000",
			"s": "NAVBTC",
			"a": 3039499,
			"T": 1592063827827,
			"e": "aggTrade",
			"p": "0.00001746",
			"f": 4302418
		}, {
			"m": true,
			"E": 1592063829512,
			"l": 4302422,
			"M": true,
			"q": "1683.00000000",
			"s": "NAVBTC",
			"a": 3039500,
			"T": 1592063829510,
			"e": "aggTrade",
			"p": "0.00001742",
			"f": 4302419
		}, {
			"m": true,
			"E": 1592063830613,
			"l": 4302424,
			"M": true,
			"q": "966.00000000",
			"s": "NAVBTC",
			"a": 3039501,
			"T": 1592063830612,
			"e": "aggTrade",
			"p": "0.00001742",
			"f": 4302423
		}, {
			"m": false,
			"E": 1592063833105,
			"l": 4302434,
			"M": true,
			"q": "223.00000000",
			"s": "NAVBTC",
			"a": 3039502,
			"T": 1592063833097,
			"e": "aggTrade",
			"p": "0.00001743",
			"f": 4302425
		}, {
			"m": false,
			"E": 1592063833105,
			"l": 4302435,
			"M": true,
			"q": "264.00000000",
			"s": "NAVBTC",
			"a": 3039503,
			"T": 1592063833097,
			"e": "aggTrade",
			"p": "0.00001748",
			"f": 4302435
		}, {
			"m": false,
			"E": 1592063833105,
			"l": 4302436,
			"M": true,
			"q": "407.00000000",
			"s": "NAVBTC",
			"a": 3039504,
			"T": 1592063833097,
			"e": "aggTrade",
			"p": "0.00001749",
			"f": 4302436
		}, {
			"m": false,
			"E": 1592063833105,
			"l": 4302437,
			"M": true,
			"q": "295.00000000",
			"s": "NAVBTC",
			"a": 3039505,
			"T": 1592063833097,
			"e": "aggTrade",
			"p": "0.00001759",
			"f": 4302437
		}, {
			"m": false,
			"E": 1592063833105,
			"l": 4302447,
			"M": true,
			"q": "241.00000000",
			"s": "NAVBTC",
			"a": 3039506,
			"T": 1592063833097,
			"e": "aggTrade",
			"p": "0.00001760",
			"f": 4302438
		}, {
			"m": false,
			"E": 1592063833105,
			"l": 4302482,
			"M": true,
			"q": "4128.00000000",
			"s": "NAVBTC",
			"a": 3039507,
			"T": 1592063833097,
			"e": "aggTrade",
			"p": "0.00001762",
			"f": 4302448
		}, {
			"m": true,
			"E": 1592063838608,
			"l": 4302483,
			"M": true,
			"q": "18.00000000",
			"s": "NAVBTC",
			"a": 3039508,
			"T": 1592063838607,
			"e": "aggTrade",
			"p": "0.00001745",
			"f": 4302483
		}, {
			"m": true,
			"E": 1592063842048,
			"l": 4302484,
			"M": true,
			"q": "322.00000000",
			"s": "NAVBTC",
			"a": 3039509,
			"T": 1592063842046,
			"e": "aggTrade",
			"p": "0.00001745",
			"f": 4302484
		}, {
			"m": false,
			"E": 1592063854687,
			"l": 4302485,
			"M": true,
			"q": "169.00000000",
			"s": "NAVBTC",
			"a": 3039510,
			"T": 1592063854683,
			"e": "aggTrade",
			"p": "0.00001757",
			"f": 4302485
		}, {
			"m": false,
			"E": 1592063854687,
			"l": 4302486,
			"M": true,
			"q": "903.00000000",
			"s": "NAVBTC",
			"a": 3039511,
			"T": 1592063854683,
			"e": "aggTrade",
			"p": "0.00001758",
			"f": 4302486
		}, {
			"m": false,
			"E": 1592063854687,
			"l": 4302501,
			"M": true,
			"q": "1607.00000000",
			"s": "NAVBTC",
			"a": 3039512,
			"T": 1592063854683,
			"e": "aggTrade",
			"p": "0.00001762",
			"f": 4302487
		}, {
			"m": false,
			"E": 1592063863014,
			"l": 4302504,
			"M": true,
			"q": "447.00000000",
			"s": "NAVBTC",
			"a": 3039513,
			"T": 1592063863012,
			"e": "aggTrade",
			"p": "0.00001762",
			"f": 4302502
		}, {
			"m": false,
			"E": 1592063866240,
			"l": 4302505,
			"M": true,
			"q": "59.00000000",
			"s": "NAVBTC",
			"a": 3039514,
			"T": 1592063866239,
			"e": "aggTrade",
			"p": "0.00001767",
			"f": 4302505
		}, {
			"m": true,
			"E": 1592063867828,
			"l": 4302510,
			"M": true,
			"q": "1408.00000000",
			"s": "NAVBTC",
			"a": 3039515,
			"T": 1592063867826,
			"e": "aggTrade",
			"p": "0.00001764",
			"f": 4302506
		}, {
			"m": false,
			"E": 1592063869280,
			"l": 4302511,
			"M": true,
			"q": "36.00000000",
			"s": "NAVBTC",
			"a": 3039516,
			"T": 1592063869279,
			"e": "aggTrade",
			"p": "0.00001767",
			"f": 4302511
		}, {
			"m": false,
			"E": 1592063869642,
			"l": 4302512,
			"M": true,
			"q": "53.00000000",
			"s": "NAVBTC",
			"a": 3039517,
			"T": 1592063869640,
			"e": "aggTrade",
			"p": "0.00001767",
			"f": 4302512
		}, {
			"m": true,
			"E": 1592063872662,
			"l": 4302513,
			"M": true,
			"q": "24.00000000",
			"s": "NAVBTC",
			"a": 3039518,
			"T": 1592063872660,
			"e": "aggTrade",
			"p": "0.00001767",
			"f": 4302513
		}, {
			"m": false,
			"E": 1592063873861,
			"l": 4302515,
			"M": true,
			"q": "34.00000000",
			"s": "NAVBTC",
			"a": 3039519,
			"T": 1592063873855,
			"e": "aggTrade",
			"p": "0.00001770",
			"f": 4302514
		}, {
			"m": false,
			"E": 1592063873861,
			"l": 4302525,
			"M": true,
			"q": "241.00000000",
			"s": "NAVBTC",
			"a": 3039520,
			"T": 1592063873855,
			"e": "aggTrade",
			"p": "0.00001773",
			"f": 4302516
		}, {
			"m": false,
			"E": 1592063873861,
			"l": 4302528,
			"M": true,
			"q": "312.00000000",
			"s": "NAVBTC",
			"a": 3039521,
			"T": 1592063873855,
			"e": "aggTrade",
			"p": "0.00001774",
			"f": 4302526
		}, {
			"m": false,
			"E": 1592063873861,
			"l": 4302530,
			"M": true,
			"q": "71.00000000",
			"s": "NAVBTC",
			"a": 3039522,
			"T": 1592063873855,
			"e": "aggTrade",
			"p": "0.00001775",
			"f": 4302529
		}, {
			"m": false,
			"E": 1592063873861,
			"l": 4302532,
			"M": true,
			"q": "64.00000000",
			"s": "NAVBTC",
			"a": 3039523,
			"T": 1592063873855,
			"e": "aggTrade",
			"p": "0.00001776",
			"f": 4302531
		}, {
			"m": false,
			"E": 1592063873861,
			"l": 4302533,
			"M": true,
			"q": "179.00000000",
			"s": "NAVBTC",
			"a": 3039524,
			"T": 1592063873855,
			"e": "aggTrade",
			"p": "0.00001777",
			"f": 4302533
		}, {
			"m": false,
			"E": 1592063874802,
			"l": 4302535,
			"M": true,
			"q": "153.00000000",
			"s": "NAVBTC",
			"a": 3039525,
			"T": 1592063874800,
			"e": "aggTrade",
			"p": "0.00001777",
			"f": 4302534
		}, {
			"m": false,
			"E": 1592063874802,
			"l": 4302536,
			"M": true,
			"q": "6.00000000",
			"s": "NAVBTC",
			"a": 3039526,
			"T": 1592063874800,
			"e": "aggTrade",
			"p": "0.00001781",
			"f": 4302536
		}, {
			"m": false,
			"E": 1592063874802,
			"l": 4302538,
			"M": true,
			"q": "736.00000000",
			"s": "NAVBTC",
			"a": 3039527,
			"T": 1592063874800,
			"e": "aggTrade",
			"p": "0.00001783",
			"f": 4302537
		}, {
			"m": false,
			"E": 1592063874905,
			"l": 4302547,
			"M": true,
			"q": "4860.00000000",
			"s": "NAVBTC",
			"a": 3039528,
			"T": 1592063874900,
			"e": "aggTrade",
			"p": "0.00001783",
			"f": 4302539
		}, {
			"m": false,
			"E": 1592063874905,
			"l": 4302557,
			"M": true,
			"q": "901.00000000",
			"s": "NAVBTC",
			"a": 3039529,
			"T": 1592063874900,
			"e": "aggTrade",
			"p": "0.00001785",
			"f": 4302548
		}, {
			"m": false,
			"E": 1592063874905,
			"l": 4302558,
			"M": true,
			"q": "21.00000000",
			"s": "NAVBTC",
			"a": 3039530,
			"T": 1592063874900,
			"e": "aggTrade",
			"p": "0.00001786",
			"f": 4302558
		}, {
			"m": false,
			"E": 1592063874905,
			"l": 4302569,
			"M": true,
			"q": "244.00000000",
			"s": "NAVBTC",
			"a": 3039531,
			"T": 1592063874900,
			"e": "aggTrade",
			"p": "0.00001787",
			"f": 4302559
		}, {
			"m": false,
			"E": 1592063874905,
			"l": 4302570,
			"M": true,
			"q": "10.00000000",
			"s": "NAVBTC",
			"a": 3039532,
			"T": 1592063874900,
			"e": "aggTrade",
			"p": "0.00001788",
			"f": 4302570
		}, {
			"m": false,
			"E": 1592063874905,
			"l": 4302571,
			"M": true,
			"q": "286.00000000",
			"s": "NAVBTC",
			"a": 3039533,
			"T": 1592063874900,
			"e": "aggTrade",
			"p": "0.00001790",
			"f": 4302571
		}, {
			"m": false,
			"E": 1592063876138,
			"l": 4302572,
			"M": true,
			"q": "33.00000000",
			"s": "NAVBTC",
			"a": 3039534,
			"T": 1592063876135,
			"e": "aggTrade",
			"p": "0.00001791",
			"f": 4302572
		}, {
			"m": false,
			"E": 1592063876138,
			"l": 4302575,
			"M": true,
			"q": "343.00000000",
			"s": "NAVBTC",
			"a": 3039535,
			"T": 1592063876135,
			"e": "aggTrade",
			"p": "0.00001792",
			"f": 4302573
		}, {
			"m": false,
			"E": 1592063876138,
			"l": 4302581,
			"M": true,
			"q": "519.00000000",
			"s": "NAVBTC",
			"a": 3039536,
			"T": 1592063876135,
			"e": "aggTrade",
			"p": "0.00001793",
			"f": 4302576
		}, {
			"m": false,
			"E": 1592063876995,
			"l": 4302586,
			"M": true,
			"q": "376.00000000",
			"s": "NAVBTC",
			"a": 3039537,
			"T": 1592063876993,
			"e": "aggTrade",
			"p": "0.00001793",
			"f": 4302582
		}, {
			"m": false,
			"E": 1592063876995,
			"l": 4302587,
			"M": true,
			"q": "519.00000000",
			"s": "NAVBTC",
			"a": 3039538,
			"T": 1592063876993,
			"e": "aggTrade",
			"p": "0.00001795",
			"f": 4302587
		}, {
			"m": false,
			"E": 1592063878004,
			"l": 4302588,
			"M": true,
			"q": "895.00000000",
			"s": "NAVBTC",
			"a": 3039539,
			"T": 1592063878003,
			"e": "aggTrade",
			"p": "0.00001795",
			"f": 4302588
		}, {
			"m": true,
			"E": 1592063879835,
			"l": 4302589,
			"M": true,
			"q": "84.00000000",
			"s": "NAVBTC",
			"a": 3039540,
			"T": 1592063879834,
			"e": "aggTrade",
			"p": "0.00001790",
			"f": 4302589
		}, {
			"m": false,
			"E": 1592063880903,
			"l": 4302590,
			"M": true,
			"q": "53.00000000",
			"s": "NAVBTC",
			"a": 3039541,
			"T": 1592063880901,
			"e": "aggTrade",
			"p": "0.00001795",
			"f": 4302590
		}, {
			"m": true,
			"E": 1592063880910,
			"l": 4302591,
			"M": true,
			"q": "31.00000000",
			"s": "NAVBTC",
			"a": 3039542,
			"T": 1592063880909,
			"e": "aggTrade",
			"p": "0.00001795",
			"f": 4302591
		}, {
			"m": false,
			"E": 1592063881509,
			"l": 4302592,
			"M": true,
			"q": "323.00000000",
			"s": "NAVBTC",
			"a": 3039543,
			"T": 1592063881508,
			"e": "aggTrade",
			"p": "0.00001796",
			"f": 4302592
		}, {
			"m": false,
			"E": 1592063881509,
			"l": 4302593,
			"M": true,
			"q": "1313.00000000",
			"s": "NAVBTC",
			"a": 3039544,
			"T": 1592063881508,
			"e": "aggTrade",
			"p": "0.00001797",
			"f": 4302593
		}, {
			"m": true,
			"E": 1592063881636,
			"l": 4302594,
			"M": true,
			"q": "2446.00000000",
			"s": "NAVBTC",
			"a": 3039545,
			"T": 1592063881635,
			"e": "aggTrade",
			"p": "0.00001795",
			"f": 4302594
		}],
		[{
			"m": true,
			"E": 1592063950372,
			"l": 4302957,
			"M": true,
			"q": "225.00000000",
			"s": "NAVBTC",
			"a": 3039702,
			"T": 1592063950370,
			"e": "aggTrade",
			"p": "0.00001801",
			"f": 4302957
		}, {
			"m": false,
			"E": 1592063953182,
			"l": 4302958,
			"M": true,
			"q": "51.00000000",
			"s": "NAVBTC",
			"a": 3039703,
			"T": 1592063953181,
			"e": "aggTrade",
			"p": "0.00001798",
			"f": 4302958
		}, {
			"m": false,
			"E": 1592063955298,
			"l": 4302959,
			"M": true,
			"q": "318.00000000",
			"s": "NAVBTC",
			"a": 3039704,
			"T": 1592063955297,
			"e": "aggTrade",
			"p": "0.00001797",
			"f": 4302959
		}, {
			"m": false,
			"E": 1592063956155,
			"l": 4302960,
			"M": true,
			"q": "115.00000000",
			"s": "NAVBTC",
			"a": 3039705,
			"T": 1592063956154,
			"e": "aggTrade",
			"p": "0.00001795",
			"f": 4302960
		}, {
			"m": false,
			"E": 1592063960361,
			"l": 4302961,
			"M": true,
			"q": "166.00000000",
			"s": "NAVBTC",
			"a": 3039706,
			"T": 1592063960360,
			"e": "aggTrade",
			"p": "0.00001798",
			"f": 4302961
		}, {
			"m": false,
			"E": 1592063961530,
			"l": 4302962,
			"M": true,
			"q": "21.00000000",
			"s": "NAVBTC",
			"a": 3039707,
			"T": 1592063961529,
			"e": "aggTrade",
			"p": "0.00001802",
			"f": 4302962
		}, {
			"m": false,
			"E": 1592063965890,
			"l": 4302965,
			"M": true,
