[{"peak":"","transactionList":[]},{"peak":"-17.49291785|1350,7.36543909|2010,-17.33746130|900,4.79876161|720,-6.36292223|2430,3.37784760|30,-18.77256318|1320,40.16245487|2190,-16.15557218|390,57.06806283|330,-21.59814708|210,6.13781123|120,-8.01414260|450,5.48025928|210,-19.57247829|1170,10.62124248|330,-7.74235524|780,5.20494470|180,-3.58744395|510,6.91864190|660,-5.10075567|210,4.78589421|180,-8.82930020|810,5.23217789|270,-15.50610194|2040,3.80473798|450,-11.57407407|3390,35.10802469|930,-13.04067140|270,4.38992899|150,-9.40460081|510,5.75101488|120,-15.01103753|1560,7.21118469|39,-14.90536278|1524,4.81072555|108,-8.40130506|399,5.05709625|604,5.30179445|729,-3.36269015|36,4.08326661|313","transactionList":[{},{},{},{},{},{},{},{},{},{},{},{},{},{},{},{},{},{},{},{},{},{},{},{},{},{},{},{},{},{},{},{},{},{},{},{},{},{},[{"m":false,"E":1603364922509,"l":415226,"M":true,"q":"0.30300000","s":"UMABTC","a":276724,"T":1603364922508,"e":"aggTrade","p":"0.00064600","f":415226},{"m":false,"E":1603364922686,"l":415227,"M":true,"q":"0.30300000","s":"UMABTC","a":276725,"T":1603364922685,"e":"aggTrade","p":"0.00064500","f":415227},{"m":false,"E":1603364951121,"l":415228,"M":true,"q":"0.19200000","s":"UMABTC","a":276726,"T":1603364951120,"e":"aggTrade","p":"0.00064600","f":415228},{"m":false,"E":1603364951193,"l":415229,"M":true,"q":"0.19100000","s":"UMABTC","a":276727,"T":1603364951192,"e":"aggTrade","p":"0.00064600","f":415229},{"m":true,"E":1603364952169,"l":415230,"M":true,"q":"0.19100000","s":"UMABTC","a":276728,"T":1603364952167,"e":"aggTrade","p":"0.00064500","f":415230},{"m":true,"E":1603364952810,"l":415231,"M":true,"q":"0.19200000","s":"UMABTC","a":276729,"T":1603364952809,"e":"aggTrade","p":"0.00064500","f":415231},{"m":true,"E":1603364955048,"l":415232,"M":true,"q":"4.72000000","s":"UMABTC","a":276730,"T":1603364955047,"e":"aggTrade","p":"0.00064500","f":415232},{"m":false,"E":1603364985632,"l":415234,"M":true,"q":"1.20000000","s":"UMABTC","a":276731,"T":1603364985631,"e":"aggTrade","p":"0.00064600","f":415233}],[{"m":true,"E":1603367122243,"l":415532,"M":true,"q":"57.55100000","s":"UMABTC","a":276956,"T":1603367122241,"e":"aggTrade","p":"0.00062400","f":415531},{"m":true,"E":1603367129796,"l":415535,"M":true,"q":"34.53800000","s":"UMABTC","a":276957,"T":1603367129794,"e":"aggTrade","p":"0.00062400","f":415533},{"m":false,"E":1603367134978,"l":415536,"M":true,"q":"122.46200000","s":"UMABTC","a":276958,"T":1603367134977,"e":"aggTrade","p":"0.00062500","f":415536},{"m":false,"E":1603367136834,"l":415537,"M":true,"q":"2.00000000","s":"UMABTC","a":276959,"T":1603367136833,"e":"aggTrade","p":"0.00062500","f":415537},{"m":false,"E":1603367143267,"l":415539,"M":true,"q":"1.60000000","s":"UMABTC","a":276960,"T":1603367143266,"e":"aggTrade","p":"0.00062500","f":415538},{"m":false,"E":1603367147774,"l":415540,"M":true,"q":"0.18900000","s":"UMABTC","a":276961,"T":1603367147773,"e":"aggTrade","p":"0.00062600","f":415540},{"m":true,"E":1603367147782,"l":415541,"M":true,"q":"0.19700000","s":"UMABTC","a":276962,"T":1603367147781,"e":"aggTrade","p":"0.00062400","f":415541},{"m":false,"E":1603367184054,"l":415542,"M":true,"q":"4.00000000","s":"UMABTC","a":276963,"T":1603367184053,"e":"aggTrade","p":"0.00062600","f":415542}],[{"m":false,"E":1603385884768,"l":416721,"M":true,"q":"1.44400000","s":"UMABTC","a":277821,"T":1603385884766,"e":"aggTrade","p":"0.00064900","f":416720},{"m":false,"E":1603385890488,"l":416724,"M":true,"q":"184.81800000","s":"UMABTC","a":277822,"T":1603385890487,"e":"aggTrade","p":"0.00065000","f":416722},{"m":false,"E":1603385897495,"l":416729,"M":true,"q":"33.54000000","s":"UMABTC","a":277823,"T":1603385897493,"e":"aggTrade","p":"0.00065000","f":416725},{"m":true,"E":1603385918430,"l":416730,"M":true,"q":"13.98200000","s":"UMABTC","a":277824,"T":1603385918429,"e":"aggTrade","p":"0.00065000","f":416730},{"m":true,"E":1603385920296,"l":416731,"M":true,"q":"82.79200000","s":"UMABTC","a":277825,"T":1603385920294,"e":"aggTrade","p":"0.00065000","f":416731},{"m":true,"E":1603385920516,"l":416732,"M":true,"q":"42.57800000","s":"UMABTC","a":277826,"T":1603385920514,"e":"aggTrade","p":"0.00065000","f":416732},{"m":true,"E":1603385921763,"l":416733,"M":true,"q":"60.54900000","s":"UMABTC","a":277827,"T":1603385921761,"e":"aggTrade","p":"0.00065000","f":416733},{"m":true,"E":1603385931325,"l":416734,"M":true,"q":"68.45600000","s":"UMABTC","a":277828,"T":1603385931322,"e":"aggTrade","p":"0.00065000","f":416734},{"m":true,"E":1603385937242,"l":416735,"M":true,"q":"49.99800000","s":"UMABTC","a":277829,"T":1603385937241,"e":"aggTrade","p":"0.00065000","f":416735},{"m":true,"E":1603385949532,"l":416737,"M":true,"q":"21.91900000","s":"UMABTC","a":277830,"T":1603385949531,"e":"aggTrade","p":"0.00065000","f":416736},{"m":false,"E":1603385949854,"l":416738,"M":true,"q":"181.62500000","s":"UMABTC","a":277831,"T":1603385949853,"e":"aggTrade","p":"0.00065000","f":416738},{"m":false,"E":1603385951003,"l":416740,"M":true,"q":"49.00000000","s":"UMABTC","a":277832,"T":1603385951002,"e":"aggTrade","p":"0.00065000","f":416739},{"m":false,"E":1603385955157,"l":416741,"M":true,"q":"163.65400000","s":"UMABTC","a":277833,"T":1603385955156,"e":"aggTrade","p":"0.00065000","f":416741},{"m":true,"E":1603385967131,"l":416743,"M":true,"q":"532.62000000","s":"UMABTC","a":277834,"T":1603385967129,"e":"aggTrade","p":"0.00065000","f":416742},{"m":true,"E":1603385968823,"l":416744,"M":true,"q":"18.60000000","s":"UMABTC","a":277835,"T":1603385968821,"e":"aggTrade","p":"0.00065000","f":416744},{"m":true,"E":1603385971814,"l":416746,"M":true,"q":"155.83900000","s":"UMABTC","a":277836,"T":1603385971813,"e":"aggTrade","p":"0.00065000","f":416745},{"m":false,"E":1603385971949,"l":416747,"M":true,"q":"13.84600000","s":"UMABTC","a":277837,"T":1603385971948,"e":"aggTrade","p":"0.00065000","f":416747},{"m":false,"E":1603385972043,"l":416748,"M":true,"q":"81.15600000","s":"UMABTC","a":277838,"T":1603385972042,"e":"aggTrade","p":"0.00065000","f":416748},{"m":false,"E":1603385972159,"l":416749,"M":true,"q":"34.44300000","s":"UMABTC","a":277839,"T":1603385972158,"e":"aggTrade","p":"0.00065000","f":416749}]]},{"peak":"2.56056726|720,-6.20028554|360,8.62737100|1500,-6.15905920|870,3.50807255|1380,-11.53350515|2880,3.97336770|1170,-3.30772514|720,4.88689714|2400,-3.58271865|600,7.29188620|3840,-8.08917197|3300,3.29087049|1050,-5.12100259|1320,4.10544512|3540,-12.02046036|3024,4.06882120|375,-3.65910144|141,4.86336267|292,4.86336267|292","transactionList":[{},{},{},{},{},{},{},{},{},{},{},{},{},{},{},{},{},{},{},[]]},{"peak":"-23.83720930|13740,4.65116279|900,-7.46268657|5190,4.47761194|690,-21.95121951|8729,8.71080139|717,8.71080139|717","transactionList":[{},{},{},{},{},{},[{"m":false,"l":7415753,"M":true,"q":"18085.00000000","a":5909482,"T":1603364122431,"p":"0.00000155","f":7415752},{"m":false,"l":7415754,"M":true,"q":"1154.00000000","a":5909483,"T":1603364122443,"p":"0.00000155","f":7415754},{"m":false,"l":7415755,"M":true,"q":"17063.00000000","a":5909484,"T":1603364122447,"p":"0.00000155","f":7415755},{"m":false,"l":7415756,"M":true,"q":"14858.00000000","a":5909485,"T":1603364122458,"p":"0.00000155","f":7415756},{"m":false,"l":7415762,"M":true,"q":"14230.00000000","a":5909486,"T":1603364122464,"p":"0.00000155","f":7415757},{"m":false,"l":7415774,"M":true,"q":"25303.00000000","a":5909487,"T":1603364122543,"p":"0.00000156","f":7415763},{"m":false,"l":7415778,"M":true,"q":"3797.00000000","a":5909488,"T":1603364122543,"p":"0.00000157","f":7415775},{"m":true,"l":7415779,"M":true,"q":"1456.00000000","a":5909489,"T":1603364122551,"p":"0.00000155","f":7415779},{"m":true,"l":7415780,"M":true,"q":"839.00000000","a":5909490,"T":1603364123900,"p":"0.00000155","f":7415780},{"m":false,"l":7415781,"M":true,"q":"1370.00000000","a":5909491,"T":1603364135698,"p":"0.00000156","f":7415781}]]},{"peak":"-6.10091743|2310,4.12844037|1740,-7.12600283|2910,3.53940538|120,-10.47331319|2520,16.56596173|1920,-3.44057194|300,9.87488829|180,-9.72780009|780,4.37304775|420,-5.55054152|2430,6.81407942|150,-4.27312775|720,4.27312775|900,-10.09302326|2550,6.69767442|330,-4.84460695|990,4.79890311|510,-5.71692024|360,4.47210696|900,-5.00463392|3270,3.47544022|762,-10.98409543|2224,3.57852883|497,9.24453280|929","transactionList":[{},{},{},{},{},{},{},{},{},{},{},{},{},{},{},{},{},{},{},{},{},{},{},{},[{"m":true,"E":1603379685897,"l":4795464,"M":true,"q":"911.00000000","s":"NAVBTC","a":3331344,"T":1603379685895,"e":"aggTrade","p":"0.00001091","f":4795464},{"m":false,"E":1603379688083,"l":4795465,"M":true,"q":"909.00000000","s":"NAVBTC","a":3331345,"T":1603379688082,"e":"aggTrade","p":"0.00001095","f":4795465},{"m":false,"E":1603379688083,"l":4795466,"M":true,"q":"1306.00000000","s":"NAVBTC","a":3331346,"T":1603379688082,"e":"aggTrade","p":"0.00001096","f":4795466},{"m":false,"E":1603379688083,"l":4795467,"M":true,"q":"1022.00000000","s":"NAVBTC","a":3331347,"T":1603379688082,"e":"aggTrade","p":"0.00001099","f":4795467},{"m":false,"E":1603379688083,"l":4795468,"M":true,"q":"4035.00000000","s":"NAVBTC","a":3331348,"T":1603379688082,"e":"aggTrade","p":"0.00001100","f":4795468},{"m":true,"E":1603379689498,"l":4795469,"M":true,"q":"1307.00000000","s":"NAVBTC","a":3331349,"T":1603379689496,"e":"aggTrade","p":"0.00001092","f":4795469},{"m":true,"E":1603379689807,"l":4795470,"M":true,"q":"1364.00000000","s":"NAVBTC","a":3331350,"T":1603379689805,"e":"aggTrade","p":"0.00001093","f":4795470},{"m":false,"E":1603379689903,"l":4795471,"M":true,"q":"45.00000000","s":"NAVBTC","a":3331351,"T":1603379689901,"e":"aggTrade","p":"0.00001099","f":4795471},{"m":false,"E":1603379692584,"l":4795472,"M":true,"q":"1775.00000000","s":"NAVBTC","a":3331352,"T":1603379692582,"e":"aggTrade","p":"0.00001095","f":4795472},{"m":false,"E":1603379692584,"l":4795473,"M":true,"q":"1307.00000000","s":"NAVBTC","a":3331353,"T":1603379692582,"e":"aggTrade","p":"0.00001099","f":4795473},{"m":false,"E":1603379692584,"l":4795474,"M":true,"q":"7827.00000000","s":"NAVBTC","a":3331354,"T":1603379692582,"e":"aggTrade","p":"0.00001100","f":4795474},{"m":false,"E":1603379695743,"l":4795475,"M":true,"q":"1364.00000000","s":"NAVBTC","a":3331355,"T":1603379695741,"e":"aggTrade","p":"0.00001099","f":4795475},{"m":false,"E":1603379695743,"l":4795476,"M":true,"q":"4090.00000000","s":"NAVBTC","a":3331356,"T":1603379695741,"e":"aggTrade","p":"0.00001100","f":4795476},{"m":true,"E":1603379696616,"l":4795477,"M":true,"q":"1364.00000000","s":"NAVBTC","a":3331357,"T":1603379696614,"e":"aggTrade","p":"0.00001093","f":4795477},{"m":true,"E":1603379697004,"l":4795478,"M":true,"q":"1311.00000000","s":"NAVBTC","a":3331358,"T":1603379697001,"e":"aggTrade","p":"0.00001092","f":4795478},{"m":true,"E":1603379697109,"l":4795479,"M":true,"q":"1364.00000000","s":"NAVBTC","a":3331359,"T":1603379697106,"e":"aggTrade","p":"0.00001091","f":4795479},{"m":true,"E":1603379697606,"l":4795480,"M":true,"q":"1367.00000000","s":"NAVBTC","a":3331360,"T":1603379697605,"e":"aggTrade","p":"0.00001091","f":4795480},{"m":false,"E":1603379699438,"l":4795481,"M":true,"q":"1311.00000000","s":"NAVBTC","a":3331361,"T":1603379699436,"e":"aggTrade","p":"0.00001095","f":4795481},{"m":false,"E":1603379699438,"l":4795482,"M":true,"q":"1364.00000000","s":"NAVBTC","a":3331362,"T":1603379699436,"e":"aggTrade","p":"0.00001096","f":4795482},{"m":false,"E":1603379699438,"l":4795483,"M":true,"q":"1818.00000000","s":"NAVBTC","a":3331363,"T":1603379699436,"e":"aggTrade","p":"0.00001099","f":4795483},{"m":false,"E":1603379699438,"l":4795484,"M":true,"q":"4597.00000000","s":"NAVBTC","a":3331364,"T":1603379699436,"e":"aggTrade","p":"0.00001100","f":4795484},{"m":true,"E":1603379700505,"l":4795485,"M":true,"q":"1311.00000000","s":"NAVBTC","a":3331365,"T":1603379700503,"e":"aggTrade","p":"0.00001092","f":4795485},{"m":true,"E":1603379700610,"l":4795486,"M":true,"q":"1819.00000000","s":"NAVBTC","a":3331366,"T":1603379700609,"e":"aggTrade","p":"0.00001093","f":4795486},{"m":true,"E":1603379701612,"l":4795489,"M":true,"q":"638.00000000","s":"NAVBTC","a":3331367,"T":1603379701610,"e":"aggTrade","p":"0.00001090","f":4795487},{"m":false,"E":1603379708781,"l":4795490,"M":true,"q":"27.00000000","s":"NAVBTC","a":3331368,"T":1603379708780,"e":"aggTrade","p":"0.00001094","f":4795490},{"m":false,"E":1603379713688,"l":4795491,"M":true,"q":"19.00000000","s":"NAVBTC","a":3331369,"T":1603379713687,"e":"aggTrade","p":"0.00001094","f":4795491},{"m":false,"E":1603379715856,"l":4795492,"M":true,"q":"564.00000000","s":"NAVBTC","a":3331370,"T":1603379715854,"e":"aggTrade","p":"0.00001094","f":4795492},{"m":false,"E":1603379715856,"l":4795493,"M":true,"q":"2731.00000000","s":"NAVBTC","a":3331371,"T":1603379715854,"e":"aggTrade","p":"0.00001095","f":4795493},{"m":false,"E":1603379715856,"l":4795494,"M":true,"q":"10.00000000","s":"NAVBTC","a":3331372,"T":1603379715854,"e":"aggTrade","p":"0.00001097","f":4795494},{"m":false,"E":1603379715856,"l":4795495,"M":true,"q":"1311.00000000","s":"NAVBTC","a":3331373,"T":1603379715854,"e":"aggTrade","p":"0.00001098","f":4795495},{"m":true,"E":1603379717512,"l":4795496,"M":true,"q":"1316.00000000","s":"NAVBTC","a":3331374,"T":1603379717510,"e":"aggTrade","p":"0.00001092","f":4795496},{"m":true,"E":1603379718221,"l":4795497,"M":true,"q":"505.00000000","s":"NAVBTC","a":3331375,"T":1603379718214,"e":"aggTrade","p":"0.00001092","f":4795497},{"m":true,"E":1603379718331,"l":4795498,"M":true,"q":"1316.00000000","s":"NAVBTC","a":3331376,"T":1603379718314,"e":"aggTrade","p":"0.00001091","f":4795498},{"m":true,"E":1603379718634,"l":4795499,"M":true,"q":"1821.00000000","s":"NAVBTC","a":3331377,"T":1603379718618,"e":"aggTrade","p":"0.00001091","f":4795499},{"m":false,"E":1603379720100,"l":4795500,"M":true,"q":"1316.00000000","s":"NAVBTC","a":3331378,"T":1603379720098,"e":"aggTrade","p":"0.00001095","f":4795500},{"m":false,"E":1603379720100,"l":4795501,"M":true,"q":"1819.00000000","s":"NAVBTC","a":3331379,"T":1603379720098,"e":"aggTrade","p":"0.00001096","f":4795501},{"m":false,"E":1603379720100,"l":4795521,"M":true,"q":"37422.00000000","s":"NAVBTC","a":3331380,"T":1603379720098,"e":"aggTrade","p":"0.00001099","f":4795502},{"m":false,"E":1603379720100,"l":4795522,"M":true,"q":"50352.00000000","s":"NAVBTC","a":3331381,"T":1603379720098,"e":"aggTrade","p":"0.00001100","f":4795522},{"m":false,"E":1603379720563,"l":4795523,"M":true,"q":"280.00000000","s":"NAVBTC","a":3331382,"T":1603379720561,"e":"aggTrade","p":"0.00001099","f":4795523},{"m":false,"E":1603379724690,"l":4795524,"M":true,"q":"3362.00000000","s":"NAVBTC","a":3331383,"T":1603379724689,"e":"aggTrade","p":"0.00001099","f":4795524},{"m":false,"E":1603379724690,"l":4795525,"M":true,"q":"87547.00000000","s":"NAVBTC","a":3331384,"T":1603379724689,"e":"aggTrade","p":"0.00001100","f":4795525},{"m":false,"E":1603379728081,"l":4795526,"M":true,"q":"5454.00000000","s":"NAVBTC","a":3331385,"T":1603379728079,"e":"aggTrade","p":"0.00001100","f":4795526},{"m":false,"E":1603379731110,"l":4795527,"M":true,"q":"4545.00000000","s":"NAVBTC","a":3331386,"T":1603379731109,"e":"aggTrade","p":"0.00001100","f":4795527},{"m":false,"E":1603379734529,"l":4795528,"M":true,"q":"5909.00000000","s":"NAVBTC","a":3331387,"T":1603379734528,"e":"aggTrade","p":"0.00001100","f":4795528},{"m":false,"E":1603379737156,"l":4795529,"M":true,"q":"10.00000000","s":"NAVBTC","a":3331388,"T":1603379737155,"e":"aggTrade","p":"0.00001100","f":4795529},{"m":false,"E":1603379738496,"l":4795530,"M":true,"q":"5272.00000000","s":"NAVBTC","a":3331389,"T":1603379738495,"e":"aggTrade","p":"0.00001100","f":4795530},{"m":true,"E":1603379745683,"l":4795531,"M":true,"q":"10.00000000","s":"NAVBTC","a":3331390,"T":1603379745682,"e":"aggTrade","p":"0.00001098","f":4795531},{"m":true,"E":1603379745729,"l":4795532,"M":true,"q":"3228.00000000","s":"NAVBTC","a":3331391,"T":1603379745727,"e":"aggTrade","p":"0.00001094","f":4795532},{"m":true,"E":1603379745927,"l":4795533,"M":true,"q":"1818.00000000","s":"NAVBTC","a":3331392,"T":1603379745926,"e":"aggTrade","p":"0.00001094","f":4795533},{"m":true,"E":1603379746032,"l":4795534,"M":true,"q":"808.00000000","s":"NAVBTC","a":3331393,"T":1603379746030,"e":"aggTrade","p":"0.00001093","f":4795534},{"m":true,"E":1603379746708,"l":4795535,"M":true,"q":"757.00000000","s":"NAVBTC","a":3331394,"T":1603379746706,"e":"aggTrade","p":"0.00001098","f":4795535},{"m":true,"E":1603379746723,"l":4795536,"M":true,"q":"3796.00000000","s":"NAVBTC","a":3331395,"T":1603379746721,"e":"aggTrade","p":"0.00001098","f":4795536},{"m":true,"E":1603379748654,"l":4795538,"M":true,"q":"2492.00000000","s":"NAVBTC","a":3331396,"T":1603379748653,"e":"aggTrade","p":"0.00001091","f":4795537},{"m":true,"E":1603379748730,"l":4795539,"M":true,"q":"1819.00000000","s":"NAVBTC","a":3331397,"T":1603379748725,"e":"aggTrade","p":"0.00001092","f":4795539},{"m":true,"E":1603379748730,"l":4795540,"M":true,"q":"643.00000000","s":"NAVBTC","a":3331398,"T":1603379748725,"e":"aggTrade","p":"0.00001091","f":4795540},{"m":true,"E":1603379748730,"l":4795541,"M":true,"q":"10.00000000","s":"NAVBTC","a":3331399,"T":1603379748725,"e":"aggTrade","p":"0.00001090","f":4795541},{"m":true,"E":1603379748730,"l":4795542,"M":true,"q":"13.00000000","s":"NAVBTC","a":3331400,"T":1603379748725,"e":"aggTrade","p":"0.00001089","f":4795542},{"m":true,"E":1603379748730,"l":4795543,"M":true,"q":"12.00000000","s":"NAVBTC","a":3331401,"T":1603379748725,"e":"aggTrade","p":"0.00001088","f":4795543},{"m":true,"E":1603379748730,"l":4795546,"M":true,"q":"589.00000000","s":"NAVBTC","a":3331402,"T":1603379748725,"e":"aggTrade","p":"0.00001087","f":4795544},{"m":true,"E":1603379748730,"l":4795547,"M":true,"q":"14.00000000","s":"NAVBTC","a":3331403,"T":1603379748725,"e":"aggTrade","p":"0.00001085","f":4795547},{"m":true,"E":1603379748730,"l":4795550,"M":true,"q":"455.00000000","s":"NAVBTC","a":3331404,"T":1603379748725,"e":"aggTrade","p":"0.00001084","f":4795548},{"m":true,"E":1603379748730,"l":4795555,"M":true,"q":"7091.00000000","s":"NAVBTC","a":3331405,"T":1603379748725,"e":"aggTrade","p":"0.00001083","f":4795551},{"m":true,"E":1603379748823,"l":4795556,"M":true,"q":"22.00000000","s":"NAVBTC","a":3331406,"T":1603379748822,"e":"aggTrade","p":"0.00001084","f":4795556},{"m":true,"E":1603379748823,"l":4795557,"M":true,"q":"7.00000000","s":"NAVBTC","a":3331407,"T":1603379748822,"e":"aggTrade","p":"0.00001081","f":4795557},{"m":true,"E":1603379749100,"l":4795558,"M":true,"q":"6.00000000","s":"NAVBTC","a":3331408,"T":1603379749099,"e":"aggTrade","p":"0.00001081","f":4795558},{"m":true,"E":1603379749100,"l":4795559,"M":true,"q":"300.00000000","s":"NAVBTC","a":3331409,"T":1603379749099,"e":"aggTrade","p":"0.00001080","f":4795559},{"m":false,"E":1603379754028,"l":4795560,"M":true,"q":"18.00000000","s":"NAVBTC","a":3331410,"T":1603379754027,"e":"aggTrade","p":"0.00001086","f":4795560},{"m":false,"E":1603379755419,"l":4795561,"M":true,"q":"10.00000000","s":"NAVBTC","a":3331411,"T":1603379755418,"e":"aggTrade","p":"0.00001088","f":4795561},{"m":true,"E":1603379757533,"l":4795562,"M":true,"q":"917.00000000","s":"NAVBTC","a":3331412,"T":1603379757532,"e":"aggTrade","p":"0.00001084","f":4795562},{"m":false,"E":1603379758126,"l":4795563,"M":true,"q":"1808.00000000","s":"NAVBTC","a":3331413,"T":1603379758124,"e":"aggTrade","p":"0.00001088","f":4795563},{"m":false,"E":1603379758126,"l":4795564,"M":true,"q":"13.00000000","s":"NAVBTC","a":3331414,"T":1603379758124,"e":"aggTrade","p":"0.00001089","f":4795564},{"m":false,"E":1603379758126,"l":4795565,"M":true,"q":"10.00000000","s":"NAVBTC","a":3331415,"T":1603379758124,"e":"aggTrade","p":"0.00001090","f":4795565},{"m":false,"E":1603379758126,"l":4795566,"M":true,"q":"31.00000000","s":"NAVBTC","a":3331416,"T":1603379758124,"e":"aggTrade","p":"0.00001091","f":4795566},{"m":true,"E":1603379760261,"l":4795568,"M":true,"q":"1107.00000000","s":"NAVBTC","a":3331417,"T":1603379760259,"e":"aggTrade","p":"0.00001081","f":4795567},{"m":true,"E":1603379760261,"l":4795571,"M":true,"q":"242.00000000","s":"NAVBTC","a":3331418,"T":1603379760259,"e":"aggTrade","p":"0.00001080","f":4795569},{"m":true,"E":1603379761240,"l":4795572,"M":true,"q":"15.00000000","s":"NAVBTC","a":3331419,"T":1603379761239,"e":"aggTrade","p":"0.00001087","f":4795572},{"m":true,"E":1603379763236,"l":4795573,"M":true,"q":"10.00000000","s":"NAVBTC","a":3331420,"T":1603379763233,"e":"aggTrade","p":"0.00001084","f":4795573},{"m":true,"E":1603379763236,"l":4795575,"M":true,"q":"842.00000000","s":"NAVBTC","a":3331421,"T":1603379763233,"e":"aggTrade","p":"0.00001081","f":4795574},{"m":true,"E":1603379763236,"l":4795578,"M":true,"q":"7413.00000000","s":"NAVBTC","a":3331422,"T":1603379763233,"e":"aggTrade","p":"0.00001080","f":4795576},{"m":true,"E":1603379763934,"l":4795579,"M":true,"q":"277.00000000","s":"NAVBTC","a":3331423,"T":1603379763933,"e":"aggTrade","p":"0.00001085","f":4795579},{"m":false,"E":1603379768228,"l":4795580,"M":true,"q":"124.00000000","s":"NAVBTC","a":3331424,"T":1603379768226,"e":"aggTrade","p":"0.00001085","f":4795580},{"m":true,"E":1603379788065,"l":4795581,"M":true,"q":"773.00000000","s":"NAVBTC","a":3331425,"T":1603379788063,"e":"aggTrade","p":"0.00001081","f":4795581},{"m":true,"E":1603379788065,"l":4795596,"M":true,"q":"25286.00000000","s":"NAVBTC","a":3331426,"T":1603379788063,"e":"aggTrade","p":"0.00001080","f":4795582},{"m":true,"E":1603379793193,"l":4795597,"M":true,"q":"1069.00000000","s":"NAVBTC","a":3331427,"T":1603379793189,"e":"aggTrade","p":"0.00001081","f":4795597},{"m":true,"E":1603379793193,"l":4795603,"M":true,"q":"9669.00000000","s":"NAVBTC","a":3331428,"T":1603379793189,"e":"aggTrade","p":"0.00001080","f":4795598},{"m":true,"E":1603379793193,"l":4795604,"M":true,"q":"14.00000000","s":"NAVBTC","a":3331429,"T":1603379793189,"e":"aggTrade","p":"0.00001078","f":4795604},{"m":true,"E":1603379793193,"l":4795607,"M":true,"q":"420.00000000","s":"NAVBTC","a":3331430,"T":1603379793189,"e":"aggTrade","p":"0.00001077","f":4795605},{"m":true,"E":1603379793193,"l":4795614,"M":true,"q":"13849.00000000","s":"NAVBTC","a":3331431,"T":1603379793189,"e":"aggTrade","p":"0.00001076","f":4795608},{"m":false,"E":1603379798224,"l":4795615,"M":true,"q":"3637.00000000","s":"NAVBTC","a":3331432,"T":1603379798223,"e":"aggTrade","p":"0.00001082","f":4795615},{"m":false,"E":1603379801081,"l":4795616,"M":true,"q":"10.00000000","s":"NAVBTC","a":3331433,"T":1603379801079,"e":"aggTrade","p":"0.00001084","f":4795616},{"m":false,"E":1603379801081,"l":4795626,"M":true,"q":"398.00000000","s":"NAVBTC","a":3331434,"T":1603379801079,"e":"aggTrade","p":"0.00001085","f":4795617},{"m":true,"E":1603379801153,"l":4795627,"M":true,"q":"152.00000000","s":"NAVBTC","a":3331435,"T":1603379801152,"e":"aggTrade","p":"0.00001085","f":4795627}]]},{"peak":"-9.56899856|1140,7.82437451|4140,-18.75827935|2520,4.92903414|240,-3.13787775|360,3.65298764|510,-4.15073181|780,12.68798344|2130,-5.92329315|2130,3.93129358|1860,-4.97542998|1650,3.98170898|780,-11.13429134|2700,4.73995186|3570,-6.09584891|1890,3.41515317|621,-9.25498033|1737,3.27234122|318,-3.15960201|174,3.84423443|527","transactionList":[{},{},{},{},{},{},{},{},{},{},{},{},{},{},{},{},{},{},{},{}]},{"peak":"-3.26996198|60,3.87832700|60,-30.09523810|6810,26.33333333|600,-28.28820116|750,22.67891683|870,-18.49602989|450,8.54740775|1920,-5.54041780|1200,10.17257039|150,-8.15871601|600,5.84039233|60,-7.66439909|240,3.40136054|390,-9.09090909|5670,3.58851675|660,-4.89341085|630,8.38178295|1860,-22.10698690|6267,3.27510917|607,14.57423581|854,-9.32291667|1,16.04166667|7","transactionList":[{},{},{},{},{},{},{},{},{},{},{},{},{},{},{},{},{},{},{},{},[{"m":false,"E":1603372217028,"l":4302088,"M":true,"q":"697.00000000","s":"ONGBTC","a":3172893,"T":1603372217026,"e":"aggTrade","p":"0.00000993","f":4302085},{"m":false,"E":1603372217028,"l":4302090,"M":true,"q":"1032.00000000","s":"ONGBTC","a":3172894,"T":1603372217026,"e":"aggTrade","p":"0.00000994","f":4302089},{"m":false,"E":1603372217028,"l":4302091,"M":true,"q":"636.00000000","s":"ONGBTC","a":3172895,"T":1603372217026,"e":"aggTrade","p":"0.00000997","f":4302091},{"m":true,"E":1603372217162,"l":4302092,"M":true,"q":"564.00000000","s":"ONGBTC","a":3172896,"T":1603372217161,"e":"aggTrade","p":"0.00000989","f":4302092},{"m":true,"E":1603372217162,"l":4302093,"M":true,"q":"753.00000000","s":"ONGBTC","a":3172897,"T":1603372217161,"e":"aggTrade","p":"0.00000988","f":4302093},{"m":true,"E":1603372217268,"l":4302094,"M":true,"q":"208.00000000","s":"ONGBTC","a":3172898,"T":1603372217266,"e":"aggTrade","p":"0.00000988","f":4302094},{"m":true,"E":1603372217270,"l":4302095,"M":true,"q":"87.00000000","s":"ONGBTC","a":3172899,"T":1603372217268,"e":"aggTrade","p":"0.00000988","f":4302095},{"m":true,"E":1603372217276,"l":4302098,"M":true,"q":"994.00000000","s":"ONGBTC","a":3172900,"T":1603372217274,"e":"aggTrade","p":"0.00000988","f":4302096},{"m":false,"E":1603372219921,"l":4302099,"M":true,"q":"564.00000000","s":"ONGBTC","a":3172901,"T":1603372219919,"e":"aggTrade","p":"0.00000996","f":4302099},{"m":false,"E":1603372219921,"l":4302100,"M":true,"q":"172.00000000","s":"ONGBTC","a":3172902,"T":1603372219919,"e":"aggTrade","p":"0.00000997","f":4302100},{"m":false,"E":1603372219921,"l":4302101,"M":true,"q":"34.00000000","s":"ONGBTC","a":3172903,"T":1603372219919,"e":"aggTrade","p":"0.00000998","f":4302101},{"m":false,"E":1603372219921,"l":4302102,"M":true,"q":"350.00000000","s":"ONGBTC","a":3172904,"T":1603372219919,"e":"aggTrade","p":"0.00000999","f":4302102},{"m":false,"E":1603372220825,"l":4302103,"M":true,"q":"50.00000000","s":"ONGBTC","a":3172905,"T":1603372220823,"e":"aggTrade","p":"0.00000994","f":4302103},{"m":false,"E":1603372220825,"l":4302104,"M":true,"q":"4299.00000000","s":"ONGBTC","a":3172906,"T":1603372220823,"e":"aggTrade","p":"0.00001000","f":4302104},{"m":true,"E":1603372221194,"l":4302105,"M":true,"q":"368.00000000","s":"ONGBTC","a":3172907,"T":1603372221193,"e":"aggTrade","p":"0.00000989","f":4302105},{"m":false,"E":1603372221747,"l":4302106,"M":true,"q":"49.00000000","s":"ONGBTC","a":3172908,"T":1603372221746,"e":"aggTrade","p":"0.00000998","f":4302106},{"m":true,"E":1603372222150,"l":4302108,"M":true,"q":"202.00000000","s":"ONGBTC","a":3172909,"T":1603372222148,"e":"aggTrade","p":"0.00000989","f":4302107},{"m":true,"E":1603372222430,"l":4302109,"M":true,"q":"350.00000000","s":"ONGBTC","a":3172910,"T":1603372222429,"e":"aggTrade","p":"0.00000989","f":4302109},{"m":true,"E":1603372222430,"l":4302110,"M":true,"q":"202.00000000","s":"ONGBTC","a":3172911,"T":1603372222429,"e":"aggTrade","p":"0.00000988","f":4302110},{"m":false,"E":1603372223010,"l":4302111,"M":true,"q":"13.00000000","s":"ONGBTC","a":3172912,"T":1603372223009,"e":"aggTrade","p":"0.00000999","f":4302111},{"m":true,"E":1603372223021,"l":4302112,"M":true,"q":"102.00000000","s":"ONGBTC","a":3172913,"T":1603372223019,"e":"aggTrade","p":"0.00000990","f":4302112},{"m":true,"E":1603372223231,"l":4302113,"M":true,"q":"680.00000000","s":"ONGBTC","a":3172914,"T":1603372223230,"e":"aggTrade","p":"0.00000990","f":4302113},{"m":true,"E":1603372224147,"l":4302114,"M":true,"q":"105.00000000","s":"ONGBTC","a":3172915,"T":1603372224146,"e":"aggTrade","p":"0.00000990","f":4302114},{"m":false,"E":1603372224797,"l":4302115,"M":true,"q":"1209.00000000","s":"ONGBTC","a":3172916,"T":1603372224795,"e":"aggTrade","p":"0.00000990","f":4302115},{"m":false,"E":1603372224797,"l":4302116,"M":true,"q":"605.00000000","s":"ONGBTC","a":3172917,"T":1603372224795,"e":"aggTrade","p":"0.00000991","f":4302116},{"m":false,"E":1603372224797,"l":4302123,"M":true,"q":"10982.00000000","s":"ONGBTC","a":3172918,"T":1603372224795,"e":"aggTrade","p":"0.00000998","f":4302117},{"m":false,"E":1603372224797,"l":4302125,"M":true,"q":"591.00000000","s":"ONGBTC","a":3172919,"T":1603372224795,"e":"aggTrade","p":"0.00000999","f":4302124},{"m":false,"E":1603372224797,"l":4302126,"M":true,"q":"1612.00000000","s":"ONGBTC","a":3172920,"T":1603372224795,"e":"aggTrade","p":"0.00001000","f":4302126},{"m":false,"E":1603372224887,"l":4302127,"M":true,"q":"575.00000000","s":"ONGBTC","a":3172921,"T":1603372224885,"e":"aggTrade","p":"0.00000999","f":4302127},{"m":false,"E":1603372224887,"l":4302128,"M":true,"q":"2565.00000000","s":"ONGBTC","a":3172922,"T":1603372224885,"e":"aggTrade","p":"0.00001000","f":4302128},{"m":true,"E":1603372228144,"l":4302129,"M":true,"q":"554.00000000","s":"ONGBTC","a":3172923,"T":1603372228143,"e":"aggTrade","p":"0.00000993","f":4302129},{"m":true,"E":1603372228145,"l":4302130,"M":true,"q":"36.00000000","s":"ONGBTC","a":3172924,"T":1603372228143,"e":"aggTrade","p":"0.00000993","f":4302130},{"m":true,"E":1603372228145,"l":4302131,"M":true,"q":"204.00000000","s":"ONGBTC","a":3172925,"T":1603372228143,"e":"aggTrade","p":"0.00000992","f":4302131},{"m":true,"E":1603372231822,"l":4302135,"M":true,"q":"1581.00000000","s":"ONGBTC","a":3172926,"T":1603372231821,"e":"aggTrade","p":"0.00000992","f":4302132},{"m":false,"E":1603372232948,"l":4302136,"M":true,"q":"590.00000000","s":"ONGBTC","a":3172927,"T":1603372232946,"e":"aggTrade","p":"0.00000995","f":4302136},{"m":false,"E":1603372232948,"l":4302137,"M":true,"q":"431.00000000","s":"ONGBTC","a":3172928,"T":1603372232946,"e":"aggTrade","p":"0.00000996","f":4302137},{"m":false,"E":1603372232948,"l":4302148,"M":true,"q":"2707.00000000","s":"ONGBTC","a":3172929,"T":1603372232946,"e":"aggTrade","p":"0.00000999","f":4302138},{"m":false,"E":1603372232948,"l":4302149,"M":true,"q":"11271.00000000","s":"ONGBTC","a":3172930,"T":1603372232946,"e":"aggTrade","p":"0.00001000","f":4302149},{"m":true,"E":1603372233133,"l":4302150,"M":true,"q":"403.00000000","s":"ONGBTC","a":3172931,"T":1603372233132,"e":"aggTrade","p":"0.00000993","f":4302150},{"m":true,"E":1603372233916,"l":4302151,"M":true,"q":"192.00000000","s":"ONGBTC","a":3172932,"T":1603372233915,"e":"aggTrade","p":"0.00000992","f":4302151},{"m":false,"E":1603372233927,"l":4302152,"M":true,"q":"324.00000000","s":"ONGBTC","a":3172933,"T":1603372233926,"e":"aggTrade","p":"0.00000992","f":4302152},{"m":false,"E":1603372233929,"l":4302153,"M":true,"q":"127.00000000","s":"ONGBTC","a":3172934,"T":1603372233928,"e":"aggTrade","p":"0.00000992","f":4302153},{"m":true,"E":1603372234320,"l":4302154,"M":true,"q":"506.00000000","s":"ONGBTC","a":3172935,"T":1603372234319,"e":"aggTrade","p":"0.00000992","f":4302154},{"m":true,"E":1603372234320,"l":4302156,"M":true,"q":"5229.00000000","s":"ONGBTC","a":3172936,"T":1603372234319,"e":"aggTrade","p":"0.00000991","f":4302155},{"m":true,"E":1603372237691,"l":4302158,"M":true,"q":"3888.00000000","s":"ONGBTC","a":3172937,"T":1603372237689,"e":"aggTrade","p":"0.00000991","f":4302157},{"m":false,"E":1603372237713,"l":4302159,"M":true,"q":"14999.00000000","s":"ONGBTC","a":3172938,"T":1603372237711,"e":"aggTrade","p":"0.00000991","f":4302159},{"m":true,"E":1603372238128,"l":4302162,"M":true,"q":"354.00000000","s":"ONGBTC","a":3172939,"T":1603372238127,"e":"aggTrade","p":"0.00000989","f":4302160},{"m":true,"E":1603372239184,"l":4302163,"M":true,"q":"25.00000000","s":"ONGBTC","a":3172940,"T":1603372239182,"e":"aggTrade","p":"0.00000989","f":4302163},{"m":true,"E":1603372239184,"l":4302165,"M":true,"q":"35.00000000","s":"ONGBTC","a":3172941,"T":1603372239182,"e":"aggTrade","p":"0.00000988","f":4302164},{"m":true,"E":1603372240249,"l":4302166,"M":true,"q":"136.00000000","s":"ONGBTC","a":3172942,"T":1603372240248,"e":"aggTrade","p":"0.00000986","f":4302166},{"m":false,"E":1603372242157,"l":4302167,"M":true,"q":"13.00000000","s":"ONGBTC","a":3172943,"T":1603372242156,"e":"aggTrade","p":"0.00000986","f":4302167},{"m":true,"E":1603372243145,"l":4302168,"M":true,"q":"18.00000000","s":"ONGBTC","a":3172944,"T":1603372243144,"e":"aggTrade","p":"0.00000982","f":4302168},{"m":true,"E":1603372243145,"l":4302169,"M":true,"q":"1306.00000000","s":"ONGBTC","a":3172945,"T":1603372243144,"e":"aggTrade","p":"0.00000981","f":4302169},{"m":true,"E":1603372244166,"l":4302171,"M":true,"q":"46.00000000","s":"ONGBTC","a":3172946,"T":1603372244164,"e":"aggTrade","p":"0.00000979","f":4302170},{"m":true,"E":1603372244177,"l":4302172,"M":true,"q":"18.00000000","s":"ONGBTC","a":3172947,"T":1603372244176,"e":"aggTrade","p":"0.00000976","f":4302172},{"m":true,"E":1603372244177,"l":4302174,"M":true,"q":"560.00000000","s":"ONGBTC","a":3172948,"T":1603372244176,"e":"aggTrade","p":"0.00000974","f":4302173},{"m":true,"E":1603372244177,"l":4302175,"M":true,"q":"158.00000000","s":"ONGBTC","a":3172949,"T":1603372244176,"e":"aggTrade","p":"0.00000974","f":4302175},{"m":false,"E":1603372244178,"l":4302176,"M":true,"q":"18.00000000","s":"ONGBTC","a":3172950,"T":1603372244176,"e":"aggTrade","p":"0.00000978","f":4302176},{"m":false,"E":1603372245154,"l":4302177,"M":true,"q":"13.00000000","s":"ONGBTC","a":3172951,"T":1603372245153,"e":"aggTrade","p":"0.00000982","f":4302177},{"m":true,"E":1603372245174,"l":4302178,"M":true,"q":"973.00000000","s":"ONGBTC","a":3172952,"T":1603372245173,"e":"aggTrade","p":"0.00000976","f":4302178},{"m":true,"E":1603372247064,"l":4302179,"M":true,"q":"13.00000000","s":"ONGBTC","a":3172953,"T":1603372247063,"e":"aggTrade","p":"0.00000981","f":4302179},{"m":true,"E":1603372247064,"l":4302180,"M":true,"q":"11.00000000","s":"ONGBTC","a":3172954,"T":1603372247063,"e":"aggTrade","p":"0.00000977","f":4302180},{"m":true,"E":1603372247064,"l":4302181,"M":true,"q":"1473.00000000","s":"ONGBTC","a":3172955,"T":1603372247063,"e":"aggTrade","p":"0.00000976","f":4302181},{"m":true,"E":1603372248249,"l":4302182,"M":true,"q":"1331.00000000","s":"ONGBTC","a":3172956,"T":1603372248248,"e":"aggTrade","p":"0.00000976","f":4302182},{"m":false,"E":1603372250244,"l":4302183,"M":true,"q":"24.00000000","s":"ONGBTC","a":3172957,"T":1603372250242,"e":"aggTrade","p":"0.00000979","f":4302183},{"m":false,"E":1603372250244,"l":4302184,"M":true,"q":"612.00000000","s":"ONGBTC","a":3172958,"T":1603372250242,"e":"aggTrade","p":"0.00000981","f":4302184},{"m":false,"E":1603372250244,"l":4302186,"M":true,"q":"991.00000000","s":"ONGBTC","a":3172959,"T":1603372250242,"e":"aggTrade","p":"0.00000982","f":4302185},{"m":false,"E":1603372250245,"l":4302187,"M":true,"q":"504.00000000","s":"ONGBTC","a":3172960,"T":1603372250242,"e":"aggTrade","p":"0.00000984","f":4302187},{"m":false,"E":1603372250245,"l":4302188,"M":true,"q":"13.00000000","s":"ONGBTC","a":3172961,"T":1603372250242,"e":"aggTrade","p":"0.00000985","f":4302188},{"m":false,"E":1603372250245,"l":4302193,"M":true,"q":"9139.00000000","s":"ONGBTC","a":3172962,"T":1603372250242,"e":"aggTrade","p":"0.00000986","f":4302189},{"m":false,"E":1603372250245,"l":4302194,"M":true,"q":"13.00000000","s":"ONGBTC","a":3172963,"T":1603372250242,"e":"aggTrade","p":"0.00000987","f":4302194},{"m":false,"E":1603372250245,"l":4302197,"M":true,"q":"6068.00000000","s":"ONGBTC","a":3172964,"T":1603372250242,"e":"aggTrade","p":"0.00000988","f":4302195},{"m":false,"E":1603372250245,"l":4302198,"M":true,"q":"1034.00000000","s":"ONGBTC","a":3172965,"T":1603372250242,"e":"aggTrade","p":"0.00000990","f":4302198},{"m":false,"E":1603372250245,"l":4302199,"M":true,"q":"16850.00000000","s":"ONGBTC","a":3172966,"T":1603372250242,"e":"aggTrade","p":"0.00000991","f":4302199},{"m":false,"E":1603372250828,"l":4302200,"M":true,"q":"4.00000000","s":"ONGBTC","a":3172967,"T":1603372250827,"e":"aggTrade","p":"0.00000991","f":4302200},{"m":true,"E":1603372253137,"l":4302201,"M":true,"q":"13.00000000","s":"ONGBTC","a":3172968,"T":1603372253136,"e":"aggTrade","p":"0.00000985","f":4302201},{"m":true,"E":1603372253137,"l":4302203,"M":true,"q":"394.00000000","s":"ONGBTC","a":3172969,"T":1603372253136,"e":"aggTrade","p":"0.00000982","f":4302202},{"m":false,"E":1603372253180,"l":4302204,"M":true,"q":"13.00000000","s":"ONGBTC","a":3172970,"T":1603372253179,"e":"aggTrade","p":"0.00000983","f":4302204},{"m":false,"E":1603372253704,"l":4302205,"M":true,"q":"18.00000000","s":"ONGBTC","a":3172971,"T":1603372253703,"e":"aggTrade","p":"0.00000983","f":4302205},{"m":false,"E":1603372253704,"l":4302206,"M":true,"q":"13.00000000","s":"ONGBTC","a":3172972,"T":1603372253703,"e":"aggTrade","p":"0.00000987","f":4302206},{"m":false,"E":1603372253704,"l":4302207,"M":true,"q":"13.00000000","s":"ONGBTC","a":3172973,"T":1603372253703,"e":"aggTrade","p":"0.00000989","f":4302207},{"m":false,"E":1603372254386,"l":4302208,"M":true,"q":"376.00000000","s":"ONGBTC","a":3172974,"T":1603372254383,"e":"aggTrade","p":"0.00000990","f":4302208},{"m":false,"E":1603372254386,"l":4302209,"M":true,"q":"1524.00000000","s":"ONGBTC","a":3172975,"T":1603372254383,"e":"aggTrade","p":"0.00000991","f":4302209},{"m":false,"E":1603372254386,"l":4302220,"M":true,"q":"1599.00000000","s":"ONGBTC","a":3172976,"T":1603372254383,"e":"aggTrade","p":"0.00000994","f":4302210},{"m":false,"E":1603372254386,"l":4302221,"M":true,"q":"55.00000000","s":"ONGBTC","a":3172977,"T":1603372254383,"e":"aggTrade","p":"0.00000995","f":4302221},{"m":false,"E":1603372254386,"l":4302222,"M":true,"q":"1680.00000000","s":"ONGBTC","a":3172978,"T":1603372254383,"e":"aggTrade","p":"0.00000996","f":4302222},{"m":true,"E":1603372255803,"l":4302223,"M":true,"q":"375.00000000","s":"ONGBTC","a":3172979,"T":1603372255801,"e":"aggTrade","p":"0.00000986","f":4302223},{"m":true,"E":1603372255803,"l":4302224,"M":true,"q":"8.00000000","s":"ONGBTC","a":3172980,"T":1603372255801,"e":"aggTrade","p":"0.00000985","f":4302224},{"m":true,"E":1603372258040,"l":4302226,"M":true,"q":"70.00000000","s":"ONGBTC","a":3172981,"T":1603372258039,"e":"aggTrade","p":"0.00000989","f":4302225},{"m":false,"E":1603372258042,"l":4302227,"M":true,"q":"13.00000000","s":"ONGBTC","a":3172982,"T":1603372258041,"e":"aggTrade","p":"0.00000990","f":4302227},{"m":false,"E":1603372258222,"l":4302228,"M":true,"q":"13.00000000","s":"ONGBTC","a":3172983,"T":1603372258220,"e":"aggTrade","p":"0.00000993","f":4302228},{"m":false,"E":1603372258222,"l":4302230,"M":true,"q":"393.00000000","s":"ONGBTC","a":3172984,"T":1603372258220,"e":"aggTrade","p":"0.00000994","f":4302229},{"m":false,"E":1603372258222,"l":4302231,"M":true,"q":"513.00000000","s":"ONGBTC","a":3172985,"T":1603372258220,"e":"aggTrade","p":"0.00000995","f":4302231},{"m":false,"E":1603372258222,"l":4302232,"M":true,"q":"1217.00000000","s":"ONGBTC","a":3172986,"T":1603372258220,"e":"aggTrade","p":"0.00000996","f":4302232},{"m":false,"E":1603372258222,"l":4302235,"M":true,"q":"5276.00000000","s":"ONGBTC","a":3172987,"T":1603372258220,"e":"aggTrade","p":"0.00000997","f":4302233},{"m":true,"E":1603372258230,"l":4302236,"M":true,"q":"13.00000000","s":"ONGBTC","a":3172988,"T":1603372258229,"e":"aggTrade","p":"0.00000997","f":4302236},{"m":false,"E":1603372261776,"l":4302237,"M":true,"q":"13.00000000","s":"ONGBTC","a":3172989,"T":1603372261773,"e":"aggTrade","p":"0.00000996","f":4302237},{"m":false,"E":1603372261776,"l":4302238,"M":true,"q":"13.00000000","s":"ONGBTC","a":3172990,"T":1603372261773,"e":"aggTrade","p":"0.00000997","f":4302238},{"m":false,"E":1603372261776,"l":4302240,"M":true,"q":"2551.00000000","s":"ONGBTC","a":3172991,"T":1603372261773,"e":"aggTrade","p":"0.00000998","f":4302239},{"m":false,"E":1603372261776,"l":4302244,"M":true,"q":"1984.00000000","s":"ONGBTC","a":3172992,"T":1603372261773,"e":"aggTrade","p":"0.00000999","f":4302241},{"m":false,"E":1603372261776,"l":4302246,"M":true,"q":"102402.00000000","s":"ONGBTC","a":3172993,"T":1603372261773,"e":"aggTrade","p":"0.00001000","f":4302245},{"m":true,"E":1603372262158,"l":4302248,"M":true,"q":"21.00000000","s":"ONGBTC","a":3172994,"T":1603372262157,"e":"aggTrade","p":"0.00000992","f":4302247},{"m":true,"E":1603372263135,"l":4302249,"M":true,"q":"353.00000000","s":"ONGBTC","a":3172995,"T":1603372263134,"e":"aggTrade","p":"0.00000993","f":4302249},{"m":false,"E":1603372263663,"l":4302250,"M":true,"q":"342.00000000","s":"ONGBTC","a":3172996,"T":1603372263662,"e":"aggTrade","p":"0.00000999","f":4302250},{"m":false,"E":1603372265008,"l":4302251,"M":true,"q":"11.00000000","s":"ONGBTC","a":3172997,"T":1603372265005,"e":"aggTrade","p":"0.00000999","f":4302251},{"m":false,"E":1603372265008,"l":4302253,"M":true,"q":"807.00000000","s":"ONGBTC","a":3172998,"T":1603372265005,"e":"aggTrade","p":"0.00001000","f":4302252},{"m":false,"E":1603372265008,"l":4302256,"M":true,"q":"815.00000000","s":"ONGBTC","a":3172999,"T":1603372265005,"e":"aggTrade","p":"0.00001001","f":4302254},{"m":false,"E":1603372265008,"l":4302257,"M":true,"q":"328.00000000","s":"ONGBTC","a":3173000,"T":1603372265005,"e":"aggTrade","p":"0.00001002","f":4302257},{"m":false,"E":1603372265008,"l":4302258,"M":true,"q":"233.00000000","s":"ONGBTC","a":3173001,"T":1603372265005,"e":"aggTrade","p":"0.00001005","f":4302258},{"m":false,"E":1603372265008,"l":4302259,"M":true,"q":"18000.00000000","s":"ONGBTC","a":3173002,"T":1603372265005,"e":"aggTrade","p":"0.00001006","f":4302259},{"m":false,"E":1603372265008,"l":4302261,"M":true,"q":"33.00000000","s":"ONGBTC","a":3173003,"T":1603372265005,"e":"aggTrade","p":"0.00001007","f":4302260},{"m":false,"E":1603372265008,"l":4302264,"M":true,"q":"4646.00000000","s":"ONGBTC","a":3173004,"T":1603372265005,"e":"aggTrade","p":"0.00001009","f":4302262},{"m":false,"E":1603372265008,"l":4302265,"M":true,"q":"924.00000000","s":"ONGBTC","a":3173005,"T":1603372265005,"e":"aggTrade","p":"0.00001010","f":4302265},{"m":true,"E":1603372265017,"l":4302266,"M":true,"q":"234.00000000","s":"ONGBTC","a":3173006,"T":1603372265015,"e":"aggTrade","p":"0.00001010","f":4302266},{"m":false,"E":1603372265044,"l":4302267,"M":true,"q":"991.00000000","s":"ONGBTC","a":3173007,"T":1603372265043,"e":"aggTrade","p":"0.00001001","f":4302267},{"m":false,"E":1603372265044,"l":4302268,"M":true,"q":"234.00000000","s":"ONGBTC","a":3173008,"T":1603372265043,"e":"aggTrade","p":"0.00001009","f":4302268},{"m":false,"E":1603372265044,"l":4302269,"M":true,"q":"2775.00000000","s":"ONGBTC","a":3173009,"T":1603372265043,"e":"aggTrade","p":"0.00001011","f":4302269},{"m":false,"E":1603372265333,"l":4302270,"M":true,"q":"13.00000000","s":"ONGBTC","a":3173010,"T":1603372265332,"e":"aggTrade","p":"0.00000999","f":4302270},{"m":false,"E":1603372265333,"l":4302271,"M":true,"q":"4194.00000000","s":"ONGBTC","a":3173011,"T":1603372265332,"e":"aggTrade","p":"0.00001011","f":4302271},{"m":true,"E":1603372266117,"l":4302273,"M":true,"q":"123.00000000","s":"ONGBTC","a":3173012,"T":1603372266116,"e":"aggTrade","p":"0.00000995","f":4302272},{"m":true,"E":1603372266120,"l":4302274,"M":true,"q":"2047.00000000","s":"ONGBTC","a":3173013,"T":1603372266118,"e":"aggTrade","p":"0.00000995","f":4302274},{"m":true,"E":1603372266240,"l":4302275,"M":true,"q":"103.00000000","s":"ONGBTC","a":3173014,"T":1603372266238,"e":"aggTrade","p":"0.00000992","f":4302275},{"m":true,"E":1603372266656,"l":4302276,"M":true,"q":"240.00000000","s":"ONGBTC","a":3173015,"T":1603372266655,"e":"aggTrade","p":"0.00000995","f":4302276},{"m":false,"E":1603372266673,"l":4302277,"M":true,"q":"12.00000000","s":"ONGBTC","a":3173016,"T":1603372266672,"e":"aggTrade","p":"0.00001005","f":4302277},{"m":false,"E":1603372267155,"l":4302278,"M":true,"q":"17.00000000","s":"ONGBTC","a":3173017,"T":1603372267154,"e":"aggTrade","p":"0.00000999","f":4302278},{"m":true,"E":1603372267734,"l":4302279,"M":true,"q":"240.00000000","s":"ONGBTC","a":3173018,"T":1603372267733,"e":"aggTrade","p":"0.00000996","f":4302279},{"m":true,"E":1603372268157,"l":4302280,"M":true,"q":"79.00000000","s":"ONGBTC","a":3173019,"T":1603372268155,"e":"aggTrade","p":"0.00000996","f":4302280},{"m":true,"E":1603372268396,"l":4302282,"M":true,"q":"1845.00000000","s":"ONGBTC","a":3173020,"T":1603372268395,"e":"aggTrade","p":"0.00000996","f":4302281},{"m":false,"E":1603372268564,"l":4302283,"M":true,"q":"40.00000000","s":"ONGBTC","a":3173021,"T":1603372268561,"e":"aggTrade","p":"0.00000999","f":4302283},{"m":false,"E":1603372268564,"l":4302284,"M":true,"q":"248.00000000","s":"ONGBTC","a":3173022,"T":1603372268561,"e":"aggTrade","p":"0.00001004","f":4302284},{"m":false,"E":1603372268564,"l":4302285,"M":true,"q":"18000.00000000","s":"ONGBTC","a":3173023,"T":1603372268561,"e":"aggTrade","p":"0.00001005","f":4302285},{"m":false,"E":1603372268564,"l":4302286,"M":true,"q":"255.00000000","s":"ONGBTC","a":3173024,"T":1603372268561,"e":"aggTrade","p":"0.00001006","f":4302286},{"m":false,"E":1603372268564,"l":4302288,"M":true,"q":"4912.00000000","s":"ONGBTC","a":3173025,"T":1603372268561,"e":"aggTrade","p":"0.00001007","f":4302287},{"m":false,"E":1603372268564,"l":4302289,"M":true,"q":"4000.00000000","s":"ONGBTC","a":3173026,"T":1603372268561,"e":"aggTrade","p":"0.00001010","f":4302289},{"m":false,"E":1603372268564,"l":4302291,"M":true,"q":"5734.00000000","s":"ONGBTC","a":3173027,"T":1603372268561,"e":"aggTrade","p":"0.00001011","f":4302290},{"m":false,"E":1603372268608,"l":4302292,"M":true,"q":"83.00000000","s":"ONGBTC","a":3173028,"T":1603372268603,"e":"aggTrade","p":"0.00001011","f":4302292},{"m":false,"E":1603372268608,"l":4302294,"M":true,"q":"36.00000000","s":"ONGBTC","a":3173029,"T":1603372268603,"e":"aggTrade","p":"0.00001012","f":4302293},{"m":false,"E":1603372268608,"l":4302296,"M":true,"q":"45.00000000","s":"ONGBTC","a":3173030,"T":1603372268603,"e":"aggTrade","p":"0.00001013","f":4302295},{"m":false,"E":1603372268608,"l":4302297,"M":true,"q":"54.00000000","s":"ONGBTC","a":3173031,"T":1603372268603,"e":"aggTrade","p":"0.00001014","f":4302297},{"m":false,"E":1603372268608,"l":4302298,"M":true,"q":"30.00000000","s":"ONGBTC","a":3173032,"T":1603372268603,"e":"aggTrade","p":"0.00001015","f":4302298},{"m":false,"E":1603372268608,"l":4302299,"M":true,"q":"91.00000000","s":"ONGBTC","a":3173033,"T":1603372268603,"e":"aggTrade","p":"0.00001016","f":4302299},{"m":false,"E":1603372268608,"l":4302303,"M":true,"q":"600.00000000","s":"ONGBTC","a":3173034,"T":1603372268603,"e":"aggTrade","p":"0.00001019","f":4302300},{"m":false,"E":1603372268608,"l":4302305,"M":true,"q":"60.00000000","s":"ONGBTC","a":3173035,"T":1603372268603,"e":"aggTrade","p":"0.00001020","f":4302304},{"m":false,"E":1603372268608,"l":4302306,"M":true,"q":"188.00000000","s":"ONGBTC","a":3173036,"T":1603372268603,"e":"aggTrade","p":"0.00001021","f":4302306},{"m":false,"E":1603372268608,"l":4302307,"M":true,"q":"157.00000000","s":"ONGBTC","a":3173037,"T":1603372268603,"e":"aggTrade","p":"0.00001022","f":4302307},{"m":false,"E":1603372268608,"l":4302308,"M":true,"q":"24.00000000","s":"ONGBTC","a":3173038,"T":1603372268603,"e":"aggTrade","p":"0.00001023","f":4302308},{"m":false,"E":1603372268608,"l":4302310,"M":true,"q":"894.00000000","s":"ONGBTC","a":3173039,"T":1603372268603,"e":"aggTrade","p":"0.00001024","f":4302309},{"m":false,"E":1603372268608,"l":4302311,"M":true,"q":"18.00000000","s":"ONGBTC","a":3173040,"T":1603372268603,"e":"aggTrade","p":"0.00001025","f":4302311},{"m":false,"E":1603372268608,"l":4302315,"M":true,"q":"137.00000000","s":"ONGBTC","a":3173041,"T":1603372268603,"e":"aggTrade","p":"0.00001026","f":4302312},{"m":false,"E":1603372268608,"l":4302316,"M":true,"q":"500.00000000","s":"ONGBTC","a":3173042,"T":1603372268603,"e":"aggTrade","p":"0.00001028","f":4302316},{"m":false,"E":1603372268608,"l":4302318,"M":true,"q":"399.00000000","s":"ONGBTC","a":3173043,"T":1603372268603,"e":"aggTrade","p":"0.00001029","f":4302317},{"m":false,"E":1603372268608,"l":4302320,"M":true,"q":"565.00000000","s":"ONGBTC","a":3173044,"T":1603372268603,"e":"aggTrade","p":"0.00001030","f":4302319},{"m":false,"E":1603372268608,"l":4302323,"M":true,"q":"119.00000000","s":"ONGBTC","a":3173045,"T":1603372268603,"e":"aggTrade","p":"0.00001031","f":4302321},{"m":true,"E":1603372268647,"l":4302324,"M":true,"q":"307.00000000","s":"ONGBTC","a":3173046,"T":1603372268640,"e":"aggTrade","p":"0.00001007","f":4302324},{"m":true,"E":1603372268647,"l":4302326,"M":true,"q":"616.00000000","s":"ONGBTC","a":3173047,"T":1603372268640,"e":"aggTrade","p":"0.00001006","f":4302325},{"m":true,"E":1603372268647,"l":4302329,"M":true,"q":"1562.00000000","s":"ONGBTC","a":3173048,"T":1603372268640,"e":"aggTrade","p":"0.00001005","f":4302327},{"m":true,"E":1603372268647,"l":4302332,"M":true,"q":"2485.00000000","s":"ONGBTC","a":3173049,"T":1603372268640,"e":"aggTrade","p":"0.00001005","f":4302330},{"m":true,"E":1603372268647,"l":4302333,"M":true,"q":"2485.00000000","s":"ONGBTC","a":3173050,"T":1603372268641,"e":"aggTrade","p":"0.00001005","f":4302333},{"m":true,"E":1603372268648,"l":4302337,"M":true,"q":"2485.00000000","s":"ONGBTC","a":3173051,"T":1603372268641,"e":"aggTrade","p":"0.00001005","f":4302334},{"m":true,"E":1603372268649,"l":4302339,"M":true,"q":"1769.00000000","s":"ONGBTC","a":3173052,"T":1603372268641,"e":"aggTrade","p":"0.00001005","f":4302338},{"m":true,"E":1603372268649,"l":4302340,"M":true,"q":"716.00000000","s":"ONGBTC","a":3173053,"T":1603372268641,"e":"aggTrade","p":"0.00001004","f":4302340},{"m":true,"E":1603372268649,"l":4302343,"M":true,"q":"2387.00000000","s":"ONGBTC","a":3173054,"T":1603372268641,"e":"aggTrade","p":"0.00001004","f":4302341},{"m":true,"E":1603372268652,"l":4302344,"M":true,"q":"308.00000000","s":"ONGBTC","a":3173055,"T":1603372268642,"e":"aggTrade","p":"0.00001005","f":4302344},{"m":false,"E":1603372268879,"l":4302347,"M":true,"q":"2820.00000000","s":"ONGBTC","a":3173056,"T":1603372268877,"e":"aggTrade","p":"0.00001020","f":4302345},{"m":true,"E":1603372269057,"l":4302348,"M":true,"q":"240.00000000","s":"ONGBTC","a":3173057,"T":1603372269055,"e":"aggTrade","p":"0.00001001","f":4302348},{"m":true,"E":1603372269235,"l":4302349,"M":true,"q":"237.00000000","s":"ONGBTC","a":3173058,"T":1603372269234,"e":"aggTrade","p":"0.00001000","f":4302349},{"m":true,"E":1603372269586,"l":4302350,"M":true,"q":"308.00000000","s":"ONGBTC","a":3173059,"T":1603372269584,"e":"aggTrade","p":"0.00001003","f":4302350},{"m":true,"E":1603372270206,"l":4302351,"M":true,"q":"240.00000000","s":"ONGBTC","a":3173060,"T":1603372270205,"e":"aggTrade","p":"0.00001005","f":4302351},{"m":true,"E":1603372271182,"l":4302352,"M":true,"q":"113.00000000","s":"ONGBTC","a":3173061,"T":1603372271180,"e":"aggTrade","p":"0.00001008","f":4302352},{"m":true,"E":1603372271259,"l":4302353,"M":true,"q":"100.00000000","s":"ONGBTC","a":3173062,"T":1603372271258,"e":"aggTrade","p":"0.00001008","f":4302353},{"m":true,"E":1603372271322,"l":4302354,"M":true,"q":"308.00000000","s":"ONGBTC","a":3173063,"T":1603372271320,"e":"aggTrade","p":"0.00001008","f":4302354},{"m":true,"E":1603372271508,"l":4302355,"M":true,"q":"240.00000000","s":"ONGBTC","a":3173064,"T":1603372271506,"e":"aggTrade","p":"0.00001008","f":4302355},{"m":false,"E":1603372271543,"l":4302356,"M":true,"q":"30.00000000","s":"ONGBTC","a":3173065,"T":1603372271541,"e":"aggTrade","p":"0.00001011","f":4302356},{"m":true,"E":1603372271736,"l":4302357,"M":true,"q":"135.00000000","s":"ONGBTC","a":3173066,"T":1603372271734,"e":"aggTrade","p":"0.00001008","f":4302357},{"m":false,"E":1603372271818,"l":4302358,"M":true,"q":"18.00000000","s":"ONGBTC","a":3173067,"T":1603372271816,"e":"aggTrade","p":"0.00001011","f":4302358},{"m":false,"E":1603372271991,"l":4302359,"M":true,"q":"260.00000000","s":"ONGBTC","a":3173068,"T":1603372271984,"e":"aggTrade","p":"0.00001011","f":4302359},{"m":false,"E":1603372271991,"l":4302360,"M":true,"q":"308.00000000","s":"ONGBTC","a":3173069,"T":1603372271984,"e":"aggTrade","p":"0.00001012","f":4302360},{"m":false,"E":1603372271991,"l":4302361,"M":true,"q":"99.00000000","s":"ONGBTC","a":3173070,"T":1603372271984,"e":"aggTrade","p":"0.00001015","f":4302361},{"m":false,"E":1603372271991,"l":4302363,"M":true,"q":"491.00000000","s":"ONGBTC","a":3173071,"T":1603372271984,"e":"aggTrade","p":"0.00001019","f":4302362},{"m":false,"E":1603372271991,"l":4302367,"M":true,"q":"5863.00000000","s":"ONGBTC","a":3173072,"T":1603372271984,"e":"aggTrade","p":"0.00001020","f":4302364},{"m":false,"E":1603372271991,"l":4302370,"M":true,"q":"926.00000000","s":"ONGBTC","a":3173073,"T":1603372271984,"e":"aggTrade","p":"0.00001021","f":4302368},{"m":false,"E":1603372271991,"l":4302373,"M":true,"q":"22307.00000000","s":"ONGBTC","a":3173074,"T":1603372271984,"e":"aggTrade","p":"0.00001024","f":4302371},{"m":false,"E":1603372271991,"l":4302376,"M":true,"q":"1879.00000000","s":"ONGBTC","a":3173075,"T":1603372271984,"e":"aggTrade","p":"0.00001031","f":4302374},{"m":false,"E":1603372271991,"l":4302381,"M":true,"q":"9619.00000000","s":"ONGBTC","a":3173076,"T":1603372271984,"e":"aggTrade","p":"0.00001032","f":4302377},{"m":false,"E":1603372271991,"l":4302382,"M":true,"q":"24.00000000","s":"ONGBTC","a":3173077,"T":1603372271984,"e":"aggTrade","p":"0.00001034","f":4302382},{"m":true,"E":1603372272003,"l":4302383,"M":true,"q":"356.00000000","s":"ONGBTC","a":3173078,"T":1603372271994,"e":"aggTrade","p":"0.00001034","f":4302383},{"m":false,"E":1603372272065,"l":4302384,"M":true,"q":"269.00000000","s":"ONGBTC","a":3173079,"T":1603372272061,"e":"aggTrade","p":"0.00001010","f":4302384},{"m":false,"E":1603372272065,"l":4302385,"M":true,"q":"355.00000000","s":"ONGBTC","a":3173080,"T":1603372272061,"e":"aggTrade","p":"0.00001034","f":4302385},{"m":false,"E":1603372272065,"l":4302387,"M":true,"q":"2845.00000000","s":"ONGBTC","a":3173081,"T":1603372272061,"e":"aggTrade","p":"0.00001035","f":4302386},{"m":false,"E":1603372272065,"l":4302390,"M":true,"q":"531.00000000","s":"ONGBTC","a":3173082,"T":1603372272061,"e":"aggTrade","p":"0.00001036","f":4302388},{"m":false,"E":1603372272086,"l":4302391,"M":true,"q":"507.00000000","s":"ONGBTC","a":3173083,"T":1603372272083,"e":"aggTrade","p":"0.00001036","f":4302391},{"m":false,"E":1603372272086,"l":4302393,"M":true,"q":"169.00000000","s":"ONGBTC","a":3173084,"T":1603372272083,"e":"aggTrade","p":"0.00001037","f":4302392},{"m":true,"E":1603372272296,"l":4302394,"M":true,"q":"11.00000000","s":"ONGBTC","a":3173085,"T":1603372272294,"e":"aggTrade","p":"0.00001013","f":4302394},{"m":false,"E":1603372272296,"l":4302395,"M":true,"q":"18.00000000","s":"ONGBTC","a":3173086,"T":1603372272295,"e":"aggTrade","p":"0.00001018","f":4302395},{"m":false,"E":1603372272302,"l":4302396,"M":true,"q":"30.00000000","s":"ONGBTC","a":3173087,"T":1603372272301,"e":"aggTrade","p":"0.00001018","f":4302396},{"m":false,"E":1603372272324,"l":4302397,"M":true,"q":"40.00000000","s":"ONGBTC","a":3173088,"T":1603372272322,"e":"aggTrade","p":"0.00001018","f":4302397},{"m":false,"E":1603372272327,"l":4302398,"M":true,"q":"127.00000000","s":"ONGBTC","a":3173089,"T":1603372272325,"e":"aggTrade","p":"0.00001018","f":4302398},{"m":false,"E":1603372272327,"l":4302400,"M":true,"q":"300.00000000","s":"ONGBTC","a":3173090,"T":1603372272325,"e":"aggTrade","p":"0.00001018","f":4302399},{"m":true,"E":1603372272567,"l":4302401,"M":true,"q":"30.00000000","s":"ONGBTC","a":3173091,"T":1603372272565,"e":"aggTrade","p":"0.00001015","f":4302401},{"m":true,"E":1603372272567,"l":4302402,"M":true,"q":"122.00000000","s":"ONGBTC","a":3173092,"T":1603372272565,"e":"aggTrade","p":"0.00001014","f":4302402},{"m":true,"E":1603372272568,"l":4302403,"M":true,"q":"18.00000000","s":"ONGBTC","a":3173093,"T":1603372272566,"e":"aggTrade","p":"0.00001014","f":4302403},{"m":false,"E":1603372272639,"l":4302404,"M":true,"q":"93.00000000","s":"ONGBTC","a":3173094,"T":1603372272638,"e":"aggTrade","p":"0.00001018","f":4302404},{"m":true,"E":1603372272682,"l":4302405,"M":true,"q":"210.00000000","s":"ONGBTC","a":3173095,"T":1603372272678,"e":"aggTrade","p":"0.00001014","f":4302405},{"m":true,"E":1603372272682,"l":4302406,"M":true,"q":"30.00000000","s":"ONGBTC","a":3173096,"T":1603372272678,"e":"aggTrade","p":"0.00001013","f":4302406},{"m":true,"E":1603372272735,"l":4302407,"M":true,"q":"18.00000000","s":"ONGBTC","a":3173097,"T":1603372272734,"e":"aggTrade","p":"0.00001014","f":4302407},{"m":false,"E":1603372272746,"l":4302408,"M":true,"q":"350.00000000","s":"ONGBTC","a":3173098,"T":1603372272744,"e":"aggTrade","p":"0.00001032","f":4302408},{"m":false,"E":1603372272746,"l":4302410,"M":true,"q":"212.00000000","s":"ONGBTC","a":3173099,"T":1603372272744,"e":"aggTrade","p":"0.00001033","f":4302409},{"m":false,"E":1603372272746,"l":4302411,"M":true,"q":"204.00000000","s":"ONGBTC","a":3173100,"T":1603372272744,"e":"aggTrade","p":"0.00001039","f":4302411},{"m":false,"E":1603372272746,"l":4302413,"M":true,"q":"320.00000000","s":"ONGBTC","a":3173101,"T":1603372272744,"e":"aggTrade","p":"0.00001042","f":4302412},{"m":false,"E":1603372272746,"l":4302415,"M":true,"q":"34.00000000","s":"ONGBTC","a":3173102,"T":1603372272744,"e":"aggTrade","p":"0.00001043","f":4302414},{"m":false,"E":1603372272746,"l":4302416,"M":true,"q":"740.00000000","s":"ONGBTC","a":3173103,"T":1603372272744,"e":"aggTrade","p":"0.00001044","f":4302416},{"m":true,"E":1603372272871,"l":4302417,"M":true,"q":"35.00000000","s":"ONGBTC","a":3173104,"T":1603372272870,"e":"aggTrade","p":"0.00001017","f":4302417},{"m":false,"E":1603372273045,"l":4302418,"M":true,"q":"18.00000000","s":"ONGBTC","a":3173105,"T":1603372273043,"e":"aggTrade","p":"0.00001043","f":4302418},{"m":false,"E":1603372273045,"l":4302419,"M":true,"q":"217.00000000","s":"ONGBTC","a":3173106,"T":1603372273043,"e":"aggTrade","p":"0.00001044","f":4302419},{"m":false,"E":1603372273045,"l":4302421,"M":true,"q":"138.00000000","s":"ONGBTC","a":3173107,"T":1603372273043,"e":"aggTrade","p":"0.00001045","f":4302420},{"m":true,"E":1603372273054,"l":4302422,"M":true,"q":"104.00000000","s":"ONGBTC","a":3173108,"T":1603372273052,"e":"aggTrade","p":"0.00001045","f":4302422},{"m":true,"E":1603372273198,"l":4302423,"M":true,"q":"345.00000000","s":"ONGBTC","a":3173109,"T":1603372273197,"e":"aggTrade","p":"0.00001018","f":4302423},{"m":true,"E":1603372273297,"l":4302424,"M":true,"q":"627.00000000","s":"ONGBTC","a":3173110,"T":1603372273294,"e":"aggTrade","p":"0.00001019","f":4302424},{"m":true,"E":1603372273297,"l":4302425,"M":true,"q":"5.00000000","s":"ONGBTC","a":3173111,"T":1603372273294,"e":"aggTrade","p":"0.00001018","f":4302425},{"m":true,"E":1603372273297,"l":4302427,"M":true,"q":"1354.00000000","s":"ONGBTC","a":3173112,"T":1603372273294,"e":"aggTrade","p":"0.00001017","f":4302426},{"m":true,"E":1603372273305,"l":4302428,"M":true,"q":"1742.00000000","s":"ONGBTC","a":3173113,"T":1603372273303,"e":"aggTrade","p":"0.00001017","f":4302428},{"m":true,"E":1603372273437,"l":4302429,"M":true,"q":"25.00000000","s":"ONGBTC","a":3173114,"T":1603372273436,"e":"aggTrade","p":"0.00001015","f":4302429},{"m":false,"E":1603372273569,"l":4302430,"M":true,"q":"244.00000000","s":"ONGBTC","a":3173115,"T":1603372273567,"e":"aggTrade","p":"0.00001017","f":4302430},{"m":true,"E":1603372273622,"l":4302431,"M":true,"q":"1259.00000000","s":"ONGBTC","a":3173116,"T":1603372273620,"e":"aggTrade","p":"0.00001022","f":4302431},{"m":true,"E":1603372273657,"l":4302432,"M":true,"q":"240.00000000","s":"ONGBTC","a":3173117,"T":1603372273655,"e":"aggTrade","p":"0.00001022","f":4302432},{"m":false,"E":1603372274039,"l":4302433,"M":true,"q":"11.00000000","s":"ONGBTC","a":3173118,"T":1603372274038,"e":"aggTrade","p":"0.00001031","f":4302433},{"m":true,"E":1603372274662,"l":4302435,"M":true,"q":"27.00000000","s":"ONGBTC","a":3173119,"T":1603372274661,"e":"aggTrade","p":"0.00001023","f":4302434},{"m":true,"E":1603372274662,"l":4302436,"M":true,"q":"213.00000000","s":"ONGBTC","a":3173120,"T":1603372274661,"e":"aggTrade","p":"0.00001022","f":4302436},{"m":true,"E":1603372275672,"l":4302446,"M":true,"q":"96.00000000","s":"ONGBTC","a":3173121,"T":1603372275670,"e":"aggTrade","p":"0.00001031","f":4302437},{"m":true,"E":1603372275672,"l":4302447,"M":true,"q":"144.00000000","s":"ONGBTC","a":3173122,"T":1603372275670,"e":"aggTrade","p":"0.00001022","f":4302447},{"m":false,"E":1603372276522,"l":4302449,"M":true,"q":"3131.00000000","s":"ONGBTC","a":3173123,"T":1603372276519,"e":"aggTrade","p":"0.00001032","f":4302448},{"m":false,"E":1603372276522,"l":4302450,"M":true,"q":"11.00000000","s":"ONGBTC","a":3173124,"T":1603372276519,"e":"aggTrade","p":"0.00001036","f":4302450},{"m":false,"E":1603372276522,"l":4302451,"M":true,"q":"4000.00000000","s":"ONGBTC","a":3173125,"T":1603372276519,"e":"aggTrade","p":"0.00001043","f":4302451},{"m":false,"E":1603372276522,"l":4302462,"M":true,"q":"361.00000000","s":"ONGBTC","a":3173126,"T":1603372276519,"e":"aggTrade","p":"0.00001045","f":4302452},{"m":false,"E":1603372276522,"l":4302463,"M":true,"q":"627.00000000","s":"ONGBTC","a":3173127,"T":1603372276519,"e":"aggTrade","p":"0.00001046","f":4302463},{"m":false,"E":1603372276522,"l":4302464,"M":true,"q":"30.00000000","s":"ONGBTC","a":3173128,"T":1603372276519,"e":"aggTrade","p":"0.00001047","f":4302464},{"m":false,"E":1603372276522,"l":4302477,"M":true,"q":"502.00000000","s":"ONGBTC","a":3173129,"T":1603372276519,"e":"aggTrade","p":"0.00001049","f":4302465},{"m":true,"E":1603372276532,"l":4302478,"M":true,"q":"51.00000000","s":"ONGBTC","a":3173130,"T":1603372276530,"e":"aggTrade","p":"0.00001049","f":4302478},{"m":false,"E":1603372276557,"l":4302482,"M":true,"q":"4000.00000000","s":"ONGBTC","a":3173131,"T":1603372276556,"e":"aggTrade","p":"0.00001050","f":4302479},{"m":true,"E":1603372276710,"l":4302483,"M":true,"q":"240.00000000","s":"ONGBTC","a":3173132,"T":1603372276709,"e":"aggTrade","p":"0.00001026","f":4302483},{"m":true,"E":1603372277385,"l":4302484,"M":true,"q":"1511.00000000","s":"ONGBTC","a":3173133,"T":1603372277384,"e":"aggTrade","p":"0.00001034","f":4302484},{"m":true,"E":1603372278001,"l":4302485,"M":true,"q":"191.00000000","s":"ONGBTC","a":3173134,"T":1603372277999,"e":"aggTrade","p":"0.00001041","f":4302485},{"m":true,"E":1603372278001,"l":4302486,"M":true,"q":"49.00000000","s":"ONGBTC","a":3173135,"T":1603372277999,"e":"aggTrade","p":"0.00001038","f":4302486},{"m":true,"E":1603372278220,"l":4302487,"M":true,"q":"27.00000000","s":"ONGBTC","a":3173136,"T":1603372278219,"e":"aggTrade","p":"0.00001040","f":4302487},{"m":true,"E":1603372278297,"l":4302488,"M":true,"q":"7.00000000","s":"ONGBTC","a":3173137,"T":1603372278295,"e":"aggTrade","p":"0.00001040","f":4302488},{"m":true,"E":1603372278297,"l":4302489,"M":true,"q":"4.00000000","s":"ONGBTC","a":3173138,"T":1603372278295,"e":"aggTrade","p":"0.00001039","f":4302489},{"m":true,"E":1603372278907,"l":4302490,"M":true,"q":"30.00000000","s":"ONGBTC","a":3173139,"T":1603372278906,"e":"aggTrade","p":"0.00001039","f":4302490},{"m":true,"E":1603372279046,"l":4302492,"M":true,"q":"240.00000000","s":"ONGBTC","a":3173140,"T":1603372279044,"e":"aggTrade","p":"0.00001039","f":4302491},{"m":false,"E":1603372279338,"l":4302493,"M":true,"q":"13.00000000","s":"ONGBTC","a":3173141,"T":1603372279337,"e":"aggTrade","p":"0.00001043","f":4302493},{"m":true,"E":1603372279442,"l":4302494,"M":true,"q":"237.00000000","s":"ONGBTC","a":3173142,"T":1603372279441,"e":"aggTrade","p":"0.00001039","f":4302494},{"m":false,"E":1603372279916,"l":4302495,"M":true,"q":"12.00000000","s":"ONGBTC","a":3173143,"T":1603372279914,"e":"aggTrade","p":"0.00001043","f":4302495},{"m":true,"E":1603372280292,"l":4302496,"M":true,"q":"18.00000000","s":"ONGBTC","a":3173144,"T":1603372280291,"e":"aggTrade","p":"0.00001039","f":4302496},{"m":true,"E":1603372280384,"l":4302497,"M":true,"q":"240.00000000","s":"ONGBTC","a":3173145,"T":1603372280382,"e":"aggTrade","p":"0.00001039","f":4302497},{"m":false,"E":1603372280420,"l":4302499,"M":true,"q":"386.00000000","s":"ONGBTC","a":3173146,"T":1603372280418,"e":"aggTrade","p":"0.00001043","f":4302498},{"m":false,"E":1603372280420,"l":4302500,"M":true,"q":"191.00000000","s":"ONGBTC","a":3173147,"T":1603372280418,"e":"aggTrade","p":"0.00001044","f":4302500},{"m":false,"E":1603372280420,"l":4302501,"M":true,"q":"240.00000000","s":"ONGBTC","a":3173148,"T":1603372280418,"e":"aggTrade","p":"0.00001046","f":4302501},{"m":false,"E":1603372280420,"l":4302502,"M":true,"q":"1913.00000000","s":"ONGBTC","a":3173149,"T":1603372280418,"e":"aggTrade","p":"0.00001047","f":4302502},{"m":false,"E":1603372280420,"l":4302503,"M":true,"q":"190.00000000","s":"ONGBTC","a":3173150,"T":1603372280418,"e":"aggTrade","p":"0.00001048","f":4302503},{"m":false,"E":1603372280992,"l":4302504,"M":true,"q":"191.00000000","s":"ONGBTC","a":3173151,"T":1603372280990,"e":"aggTrade","p":"0.00001047","f":4302504},{"m":false,"E":1603372280992,"l":4302513,"M":true,"q":"1560.00000000","s":"ONGBTC","a":3173152,"T":1603372280990,"e":"aggTrade","p":"0.00001048","f":4302505},{"m":true,"E":1603372281151,"l":4302514,"M":true,"q":"432.00000000","s":"ONGBTC","a":3173153,"T":1603372281149,"e":"aggTrade","p":"0.00001042","f":4302514},{"m":false,"E":1603372281193,"l":4302515,"M":true,"q":"3.00000000","s":"ONGBTC","a":3173154,"T":1603372281191,"e":"aggTrade","p":"0.00001045","f":4302515},{"m":true,"E":1603372281346,"l":4302516,"M":true,"q":"13.00000000","s":"ONGBTC","a":3173155,"T":1603372281345,"e":"aggTrade","p":"0.00001042","f":4302516},{"m":true,"E":1603372281375,"l":4302517,"M":true,"q":"32.00000000","s":"ONGBTC","a":3173156,"T":1603372281373,"e":"aggTrade","p":"0.00001042","f":4302517},{"m":true,"E":1603372281375,"l":4302518,"M":true,"q":"9.00000000","s":"ONGBTC","a":3173157,"T":1603372281373,"e":"aggTrade","p":"0.00001038","f":4302518},{"m":false,"E":1603372281422,"l":4302519,"M":true,"q":"477.00000000","s":"ONGBTC","a":3173158,"T":1603372281421,"e":"aggTrade","p":"0.00001044","f":4302519},{"m":false,"E":1603372281422,"l":4302520,"M":true,"q":"10.00000000","s":"ONGBTC","a":3173159,"T":1603372281421,"e":"aggTrade","p":"0.00001045","f":4302520},{"m":false,"E":1603372281422,"l":4302521,"M":true,"q":"147.00000000","s":"ONGBTC","a":3173160,"T":1603372281421,"e":"aggTrade","p":"0.00001048","f":4302521},{"m":false,"E":1603372281422,"l":4302522,"M":true,"q":"896.00000000","s":"ONGBTC","a":3173161,"T":1603372281421,"e":"aggTrade","p":"0.00001049","f":4302522},{"m":true,"E":1603372281428,"l":4302523,"M":true,"q":"2268.00000000","s":"ONGBTC","a":3173162,"T":1603372281426,"e":"aggTrade","p":"0.00001049","f":4302523},{"m":true,"E":1603372281445,"l":4302524,"M":true,"q":"240.00000000","s":"ONGBTC","a":3173163,"T":1603372281439,"e":"aggTrade","p":"0.00001039","f":4302524},{"m":true,"E":1603372282452,"l":4302525,"M":true,"q":"240.00000000","s":"ONGBTC","a":3173164,"T":1603372282451,"e":"aggTrade","p":"0.00001043","f":4302525},{"m":true,"E":1603372283162,"l":4302526,"M":true,"q":"27.00000000","s":"ONGBTC","a":3173165,"T":1603372283161,"e":"aggTrade","p":"0.00001043","f":4302526},{"m":true,"E":1603372283449,"l":4302527,"M":true,"q":"227.00000000","s":"ONGBTC","a":3173166,"T":1603372283448,"e":"aggTrade","p":"0.00001042","f":4302527},{"m":true,"E":1603372283449,"l":4302528,"M":true,"q":"13.00000000","s":"ONGBTC","a":3173167,"T":1603372283448,"e":"aggTrade","p":"0.00001041","f":4302528},{"m":true,"E":1603372284444,"l":4302529,"M":true,"q":"240.00000000","s":"ONGBTC","a":3173168,"T":1603372284442,"e":"aggTrade","p":"0.00001041","f":4302529},{"m":true,"E":1603372285146,"l":4302530,"M":true,"q":"192.00000000","s":"ONGBTC","a":3173169,"T":1603372285144,"e":"aggTrade","p":"0.00001041","f":4302530},{"m":true,"E":1603372285444,"l":4302531,"M":true,"q":"33.00000000","s":"ONGBTC","a":3173170,"T":1603372285443,"e":"aggTrade","p":"0.00001041","f":4302531},{"m":true,"E":1603372285444,"l":4302532,"M":true,"q":"13.00000000","s":"ONGBTC","a":3173171,"T":1603372285443,"e":"aggTrade","p":"0.00001040","f":4302532},{"m":true,"E":1603372285444,"l":4302533,"M":true,"q":"194.00000000","s":"ONGBTC","a":3173172,"T":1603372285443,"e":"aggTrade","p":"0.00001039","f":4302533},{"m":true,"E":1603372286481,"l":4302534,"M":true,"q":"15.00000000","s":"ONGBTC","a":3173173,"T":1603372286480,"e":"aggTrade","p":"0.00001041","f":4302534},{"m":true,"E":1603372286481,"l":4302535,"M":true,"q":"225.00000000","s":"ONGBTC","a":3173174,"T":1603372286480,"e":"aggTrade","p":"0.00001038","f":4302535},{"m":false,"E":1603372286718,"l":4302536,"M":true,"q":"190.00000000","s":"ONGBTC","a":3173175,"T":1603372286715,"e":"aggTrade","p":"0.00001042","f":4302536},{"m":false,"E":1603372286718,"l":4302537,"M":true,"q":"240.00000000","s":"ONGBTC","a":3173176,"T":1603372286715,"e":"aggTrade","p":"0.00001045","f":4302537},{"m":false,"E":1603372286718,"l":4302538,"M":true,"q":"386.00000000","s":"ONGBTC","a":3173177,"T":1603372286715,"e":"aggTrade","p":"0.00001046","f":4302538},{"m":false,"E":1603372286718,"l":4302539,"M":true,"q":"23.00000000","s":"ONGBTC","a":3173178,"T":1603372286715,"e":"aggTrade","p":"0.00001048","f":4302539},{"m":false,"E":1603372286718,"l":4302541,"M":true,"q":"206.00000000","s":"ONGBTC","a":3173179,"T":1603372286715,"e":"aggTrade","p":"0.00001049","f":4302540},{"m":false,"E":1603372286718,"l":4302542,"M":true,"q":"13240.00000000","s":"ONGBTC","a":3173180,"T":1603372286715,"e":"aggTrade","p":"0.00001050","f":4302542},{"m":true,"E":1603372287549,"l":4302543,"M":true,"q":"56.00000000","s":"ONGBTC","a":3173181,"T":1603372287548,"e":"aggTrade","p":"0.00001043","f":4302543},{"m":true,"E":1603372287549,"l":4302544,"M":true,"q":"184.00000000","s":"ONGBTC","a":3173182,"T":1603372287548,"e":"aggTrade","p":"0.00001042","f":4302544},{"m":true,"E":1603372288135,"l":4302545,"M":true,"q":"150.00000000","s":"ONGBTC","a":3173183,"T":1603372288134,"e":"aggTrade","p":"0.00001042","f":4302545},{"m":true,"E":1603372288837,"l":4302547,"M":true,"q":"174.00000000","s":"ONGBTC","a":3173184,"T":1603372288836,"e":"aggTrade","p":"0.00001042","f":4302546},{"m":true,"E":1603372288837,"l":4302548,"M":true,"q":"66.00000000","s":"ONGBTC","a":3173185,"T":1603372288836,"e":"aggTrade","p":"0.00001041","f":4302548},{"m":true,"E":1603372289418,"l":4302549,"M":true,"q":"30.00000000","s":"ONGBTC","a":3173186,"T":1603372289417,"e":"aggTrade","p":"0.00001041","f":4302549},{"m":false,"E":1603372289583,"l":4302550,"M":true,"q":"18.00000000","s":"ONGBTC","a":3173187,"T":1603372289582,"e":"aggTrade","p":"0.00001042","f":4302550},{"m":true,"E":1603372289757,"l":4302551,"M":true,"q":"30.00000000","s":"ONGBTC","a":3173188,"T":1603372289756,"e":"aggTrade","p":"0.00001041","f":4302551},{"m":true,"E":1603372290170,"l":4302552,"M":true,"q":"240.00000000","s":"ONGBTC","a":3173189,"T":1603372290169,"e":"aggTrade","p":"0.00001041","f":4302552},{"m":false,"E":1603372291044,"l":4302554,"M":true,"q":"548.00000000","s":"ONGBTC","a":3173190,"T":1603372291042,"e":"aggTrade","p":"0.00001042","f":4302553},{"m":false,"E":1603372291044,"l":4302555,"M":true,"q":"13.00000000","s":"ONGBTC","a":3173191,"T":1603372291042,"e":"aggTrade","p":"0.00001044","f":4302555},{"m":false,"E":1603372291044,"l":4302556,"M":true,"q":"478.00000000","s":"ONGBTC","a":3173192,"T":1603372291042,"e":"aggTrade","p":"0.00001045","f":4302556},{"m":false,"E":1603372291044,"l":4302558,"M":true,"q":"495.00000000","s":"ONGBTC","a":3173193,"T":1603372291042,"e":"aggTrade","p":"0.00001049","f":4302557},{"m":false,"E":1603372291044,"l":4302559,"M":true,"q":"15608.00000000","s":"ONGBTC","a":3173194,"T":1603372291042,"e":"aggTrade","p":"0.00001050","f":4302559},{"m":true,"E":1603372291208,"l":4302561,"M":true,"q":"240.00000000","s":"ONGBTC","a":3173195,"T":1603372291206,"e":"aggTrade","p":"0.00001041","f":4302560},{"m":true,"E":1603372292207,"l":4302562,"M":true,"q":"61.00000000","s":"ONGBTC","a":3173196,"T":1603372292206,"e":"aggTrade","p":"0.00001043","f":4302562},{"m":true,"E":1603372292207,"l":4302563,"M":true,"q":"179.00000000","s":"ONGBTC","a":3173197,"T":1603372292206,"e":"aggTrade","p":"0.00001042","f":4302563},{"m":true,"E":1603372292874,"l":4302564,"M":true,"q":"776.00000000","s":"ONGBTC","a":3173198,"T":1603372292872,"e":"aggTrade","p":"0.00001042","f":4302564},{"m":true,"E":1603372292874,"l":4302565,"M":true,"q":"3392.00000000","s":"ONGBTC","a":3173199,"T":1603372292872,"e":"aggTrade","p":"0.00001039","f":4302565},{"m":true,"E":1603372293851,"l":4302566,"M":true,"q":"40.00000000","s":"ONGBTC","a":3173200,"T":1603372293849,"e":"aggTrade","p":"0.00001041","f":4302566},{"m":true,"E":1603372293851,"l":4302567,"M":true,"q":"200.00000000","s":"ONGBTC","a":3173201,"T":1603372293849,"e":"aggTrade","p":"0.00001040","f":4302567},{"m":true,"E":1603372295222,"l":4302568,"M":true,"q":"240.00000000","s":"ONGBTC","a":3173202,"T":1603372295168,"e":"aggTrade","p":"0.00001040","f":4302568},{"m":false,"E":1603372295515,"l":4302569,"M":true,"q":"30.00000000","s":"ONGBTC","a":3173203,"T":1603372295470,"e":"aggTrade","p":"0.00001042","f":4302569},{"m":false,"E":1603372296089,"l":4302570,"M":true,"q":"19.00000000","s":"ONGBTC","a":3173204,"T":1603372296088,"e":"aggTrade","p":"0.00001042","f":4302570},{"m":false,"E":1603372296089,"l":4302572,"M":true,"q":"671.00000000","s":"ONGBTC","a":3173205,"T":1603372296088,"e":"aggTrade","p":"0.00001044","f":4302571},{"m":false,"E":1603372296089,"l":4302573,"M":true,"q":"366.00000000","s":"ONGBTC","a":3173206,"T":1603372296088,"e":"aggTrade","p":"0.00001045","f":4302573},{"m":false,"E":1603372296089,"l":4302574,"M":true,"q":"129.00000000","s":"ONGBTC","a":3173207,"T":1603372296088,"e":"aggTrade","p":"0.00001049","f":4302574},{"m":false,"E":1603372296089,"l":4302575,"M":true,"q":"13100.00000000","s":"ONGBTC","a":3173208,"T":1603372296088,"e":"aggTrade","p":"0.00001050","f":4302575},{"m":true,"E":1603372296150,"l":4302576,"M":true,"q":"240.00000000","s":"ONGBTC","a":3173209,"T":1603372296149,"e":"aggTrade","p":"0.00001040","f":4302576},{"m":true,"E":1603372297467,"l":4302577,"M":true,"q":"240.00000000","s":"ONGBTC","a":3173210,"T":1603372297466,"e":"aggTrade","p":"0.00001042","f":4302577},{"m":true,"E":1603372298474,"l":4302578,"M":true,"q":"240.00000000","s":"ONGBTC","a":3173211,"T":1603372298472,"e":"aggTrade","p":"0.00001044","f":4302578},{"m":false,"E":1603372299675,"l":4302579,"M":true,"q":"1746.00000000","s":"ONGBTC","a":3173212,"T":1603372299674,"e":"aggTrade","p":"0.00001049","f":4302579},{"m":false,"E":1603372299675,"l":4302583,"M":true,"q":"34054.00000000","s":"ONGBTC","a":3173213,"T":1603372299674,"e":"aggTrade","p":"0.00001050","f":4302580},{"m":true,"E":1603372299803,"l":4302584,"M":true,"q":"240.00000000","s":"ONGBTC","a":3173214,"T":1603372299802,"e":"aggTrade","p":"0.00001044","f":4302584},{"m":true,"E":1603372300791,"l":4302585,"M":true,"q":"240.00000000","s":"ONGBTC","a":3173215,"T":1603372300790,"e":"aggTrade","p":"0.00001044","f":4302585},{"m":false,"E":1603372300887,"l":4302586,"M":true,"q":"11.00000000","s":"ONGBTC","a":3173216,"T":1603372300885,"e":"aggTrade","p":"0.00001050","f":4302586},{"m":true,"E":1603372301803,"l":4302587,"M":true,"q":"240.00000000","s":"ONGBTC","a":3173217,"T":1603372301801,"e":"aggTrade","p":"0.00001044","f":4302587},{"m":true,"E":1603372302778,"l":4302588,"M":true,"q":"98.00000000","s":"ONGBTC","a":3173218,"T":1603372302776,"e":"aggTrade","p":"0.00001044","f":4302588},{"m":true,"E":1603372302947,"l":4302589,"M":true,"q":"371.00000000","s":"ONGBTC","a":3173219,"T":1603372302945,"e":"aggTrade","p":"0.00001044","f":4302589},{"m":true,"E":1603372303110,"l":4302590,"M":true,"q":"18.00000000","s":"ONGBTC","a":3173220,"T":1603372303108,"e":"aggTrade","p":"0.00001043","f":4302590},{"m":true,"E":1603372303110,"l":4302591,"M":true,"q":"15.00000000","s":"ONGBTC","a":3173221,"T":1603372303108,"e":"aggTrade","p":"0.00001042","f":4302591},{"m":true,"E":1603372303110,"l":4302592,"M":true,"q":"207.00000000","s":"ONGBTC","a":3173222,"T":1603372303108,"e":"aggTrade","p":"0.00001040","f":4302592},{"m":true,"E":1603372303789,"l":4302593,"M":true,"q":"20.00000000","s":"ONGBTC","a":3173223,"T":1603372303788,"e":"aggTrade","p":"0.00001042","f":4302593},{"m":true,"E":1603372303825,"l":4302594,"M":true,"q":"20.00000000","s":"ONGBTC","a":3173224,"T":1603372303824,"e":"aggTrade","p":"0.00001042","f":4302594},{"m":true,"E":1603372303825,"l":4302595,"M":true,"q":"10.00000000","s":"ONGBTC","a":3173225,"T":1603372303824,"e":"aggTrade","p":"0.00001041","f":4302595},{"m":true,"E":1603372303826,"l":4302596,"M":true,"q":"14.00000000","s":"ONGBTC","a":3173226,"T":1603372303825,"e":"aggTrade","p":"0.00001041","f":4302596},{"m":false,"E":1603372303865,"l":4302597,"M":true,"q":"684.00000000","s":"ONGBTC","a":3173227,"T":1603372303863,"e":"aggTrade","p":"0.00001044","f":4302597},{"m":false,"E":1603372303865,"l":4302598,"M":true,"q":"30.00000000","s":"ONGBTC","a":3173228,"T":1603372303863,"e":"aggTrade","p":"0.00001047","f":4302598},{"m":false,"E":1603372303865,"l":4302599,"M":true,"q":"96.00000000","s":"ONGBTC","a":3173229,"T":1603372303863,"e":"aggTrade","p":"0.00001049","f":4302599},{"m":false,"E":1603372303865,"l":4302600,"M":true,"q":"469.00000000","s":"ONGBTC","a":3173230,"T":1603372303863,"e":"aggTrade","p":"0.00001050","f":4302600},{"m":false,"E":1603372303865,"l":4302602,"M":true,"q":"492.00000000","s":"ONGBTC","a":3173231,"T":1603372303863,"e":"aggTrade","p":"0.00001051","f":4302601},{"m":true,"E":1603372304111,"l":4302603,"M":true,"q":"240.00000000","s":"ONGBTC","a":3173232,"T":1603372304107,"e":"aggTrade","p":"0.00001043","f":4302603},{"m":true,"E":1603372305105,"l":4302604,"M":true,"q":"240.00000000","s":"ONGBTC","a":3173233,"T":1603372305104,"e":"aggTrade","p":"0.00001044","f":4302604},{"m":true,"E":1603372306103,"l":4302605,"M":true,"q":"240.00000000","s":"ONGBTC","a":3173234,"T":1603372306100,"e":"aggTrade","p":"0.00001044","f":4302605},{"m":true,"E":1603372306343,"l":4302618,"M":true,"q":"3988.00000000","s":"ONGBTC","a":3173235,"T":1603372306340,"e":"aggTrade","p":"0.00001044","f":4302606},{"m":true,"E":1603372306343,"l":4302620,"M":true,"q":"4524.00000000","s":"ONGBTC","a":3173236,"T":1603372306340,"e":"aggTrade","p":"0.00001041","f":4302619},{"m":true,"E":1603372306343,"l":4302623,"M":true,"q":"621.00000000","s":"ONGBTC","a":3173237,"T":1603372306340,"e":"aggTrade","p":"0.00001040","f":4302621},{"m":true,"E":1603372306343,"l":4302627,"M":true,"q":"8651.00000000","s":"ONGBTC","a":3173238,"T":1603372306340,"e":"aggTrade","p":"0.00001039","f":4302624},{"m":true,"E":1603372307101,"l":4302628,"M":true,"q":"240.00000000","s":"ONGBTC","a":3173239,"T":1603372307100,"e":"aggTrade","p":"0.00001042","f":4302628},{"m":false,"E":1603372307354,"l":4302629,"M":true,"q":"524.00000000","s":"ONGBTC","a":3173240,"T":1603372307353,"e":"aggTrade","p":"0.00001046","f":4302629},{"m":false,"E":1603372307354,"l":4302630,"M":true,"q":"1189.00000000","s":"ONGBTC","a":3173241,"T":1603372307353,"e":"aggTrade","p":"0.00001047","f":4302630},{"m":false,"E":1603372307354,"l":4302631,"M":true,"q":"240.00000000","s":"ONGBTC","a":3173242,"T":1603372307353,"e":"aggTrade","p":"0.00001048","f":4302631},{"m":false,"E":1603372307354,"l":4302633,"M":true,"q":"82.00000000","s":"ONGBTC","a":3173243,"T":1603372307353,"e":"aggTrade","p":"0.00001050","f":4302632},{"m":false,"E":1603372307354,"l":4302634,"M":true,"q":"196.00000000","s":"ONGBTC","a":3173244,"T":1603372307353,"e":"aggTrade","p":"0.00001051","f":4302634},{"m":true,"E":1603372308043,"l":4302635,"M":true,"q":"167.00000000","s":"ONGBTC","a":3173245,"T":1603372308042,"e":"aggTrade","p":"0.00001044","f":4302635},{"m":true,"E":1603372308048,"l":4302636,"M":true,"q":"545.00000000","s":"ONGBTC","a":3173246,"T":1603372308047,"e":"aggTrade","p":"0.00001044","f":4302636},{"m":true,"E":1603372308083,"l":4302637,"M":true,"q":"193.00000000","s":"ONGBTC","a":3173247,"T":1603372308082,"e":"aggTrade","p":"0.00001044","f":4302637},{"m":true,"E":1603372308110,"l":4302638,"M":true,"q":"240.00000000","s":"ONGBTC","a":3173248,"T":1603372308108,"e":"aggTrade","p":"0.00001044","f":4302638},{"m":true,"E":1603372308558,"l":4302639,"M":true,"q":"18.00000000","s":"ONGBTC","a":3173249,"T":1603372308557,"e":"aggTrade","p":"0.00001044","f":4302639},{"m":true,"E":1603372309094,"l":4302640,"M":true,"q":"240.00000000","s":"ONGBTC","a":3173250,"T":1603372309092,"e":"aggTrade","p":"0.00001044","f":4302640},{"m":true,"E":1603372309348,"l":4302641,"M":true,"q":"30.00000000","s":"ONGBTC","a":3173251,"T":1603372309347,"e":"aggTrade","p":"0.00001044","f":4302641},{"m":true,"E":1603372310104,"l":4302642,"M":true,"q":"240.00000000","s":"ONGBTC","a":3173252,"T":1603372310103,"e":"aggTrade","p":"0.00001044","f":4302642},{"m":true,"E":1603372310285,"l":4302643,"M":true,"q":"231.00000000","s":"ONGBTC","a":3173253,"T":1603372310284,"e":"aggTrade","p":"0.00001044","f":4302643},{"m":false,"E":1603372310953,"l":4302644,"M":true,"q":"1668.00000000","s":"ONGBTC","a":3173254,"T":1603372310950,"e":"aggTrade","p":"0.00001047","f":4302644},{"m":false,"E":1603372310953,"l":4302645,"M":true,"q":"13.00000000","s":"ONGBTC","a":3173255,"T":1603372310950,"e":"aggTrade","p":"0.00001048","f":4302645},{"m":false,"E":1603372310953,"l":4302647,"M":true,"q":"317.00000000","s":"ONGBTC","a":3173256,"T":1603372310950,"e":"aggTrade","p":"0.00001051","f":4302646},{"m":false,"E":1603372310953,"l":4302649,"M":true,"q":"45.00000000","s":"ONGBTC","a":3173257,"T":1603372310950,"e":"aggTrade","p":"0.00001052","f":4302648},{"m":false,"E":1603372310953,"l":4302650,"M":true,"q":"15.00000000","s":"ONGBTC","a":3173258,"T":1603372310950,"e":"aggTrade","p":"0.00001053","f":4302650},{"m":false,"E":1603372310953,"l":4302656,"M":true,"q":"4916.00000000","s":"ONGBTC","a":3173259,"T":1603372310950,"e":"aggTrade","p":"0.00001054","f":4302651},{"m":true,"E":1603372311409,"l":4302657,"M":true,"q":"240.00000000","s":"ONGBTC","a":3173260,"T":1603372311408,"e":"aggTrade","p":"0.00001044","f":4302657},{"m":true,"E":1603372312403,"l":4302658,"M":true,"q":"30.00000000","s":"ONGBTC","a":3173261,"T":1603372312402,"e":"aggTrade","p":"0.00001045","f":4302658},{"m":true,"E":1603372312417,"l":4302659,"M":true,"q":"240.00000000","s":"ONGBTC","a":3173262,"T":1603372312416,"e":"aggTrade","p":"0.00001045","f":4302659},{"m":false,"E":1603372312975,"l":4302660,"M":true,"q":"19.00000000","s":"ONGBTC","a":3173263,"T":1603372312974,"e":"aggTrade","p":"0.00001046","f":4302660},{"m":true,"E":1603372313116,"l":4302661,"M":true,"q":"299.00000000","s":"ONGBTC","a":3173264,"T":1603372313114,"e":"aggTrade","p":"0.00001048","f":4302661},{"m":true,"E":1603372313208,"l":4302662,"M":true,"q":"18.00000000","s":"ONGBTC","a":3173265,"T":1603372313207,"e":"aggTrade","p":"0.00001048","f":4302662},{"m":true,"E":1603372313346,"l":4302663,"M":true,"q":"20.00000000","s":"ONGBTC","a":3173266,"T":1603372313345,"e":"aggTrade","p":"0.00001048","f":4302663},{"m":true,"E":1603372313448,"l":4302664,"M":true,"q":"240.00000000","s":"ONGBTC","a":3173267,"T":1603372313447,"e":"aggTrade","p":"0.00001048","f":4302664},{"m":true,"E":1603372313698,"l":4302665,"M":true,"q":"1322.00000000","s":"ONGBTC","a":3173268,"T":1603372313696,"e":"aggTrade","p":"0.00001048","f":4302665},{"m":true,"E":1603372313699,"l":4302666,"M":true,"q":"11.00000000","s":"ONGBTC","a":3173269,"T":1603372313697,"e":"aggTrade","p":"0.00001047","f":4302666},{"m":true,"E":1603372313699,"l":4302667,"M":true,"q":"2557.00000000","s":"ONGBTC","a":3173270,"T":1603372313697,"e":"aggTrade","p":"0.00001044","f":4302667},{"m":true,"E":1603372313752,"l":4302671,"M":true,"q":"4580.00000000","s":"ONGBTC","a":3173271,"T":1603372313750,"e":"aggTrade","p":"0.00001043","f":4302668},{"m":false,"E":1603372314200,"l":4302672,"M":true,"q":"12.00000000","s":"ONGBTC","a":3173272,"T":1603372314197,"e":"aggTrade","p":"0.00001046","f":4302672},{"m":true,"E":1603372314445,"l":4302673,"M":true,"q":"30.00000000","s":"ONGBTC","a":3173273,"T":1603372314444,"e":"aggTrade","p":"0.00001042","f":4302673},{"m":true,"E":1603372314445,"l":4302674,"M":true,"q":"144.00000000","s":"ONGBTC","a":3173274,"T":1603372314444,"e":"aggTrade","p":"0.00001041","f":4302674},{"m":true,"E":1603372314445,"l":4302675,"M":true,"q":"66.00000000","s":"ONGBTC","a":3173275,"T":1603372314444,"e":"aggTrade","p":"0.00001040","f":4302675},{"m":true,"E":1603372315758,"l":4302680,"M":true,"q":"48.00000000","s":"ONGBTC","a":3173276,"T":1603372315756,"e":"aggTrade","p":"0.00001038","f":4302676},{"m":true,"E":1603372315758,"l":4302682,"M":true,"q":"31.00000000","s":"ONGBTC","a":3173277,"T":1603372315756,"e":"aggTrade","p":"0.00001037","f":4302681},{"m":true,"E":1603372315758,"l":4302684,"M":true,"q":"50.00000000","s":"ONGBTC","a":3173278,"T":1603372315756,"e":"aggTrade","p":"0.00001036","f":4302683},{"m":true,"E":1603372315758,"l":4302685,"M":true,"q":"111.00000000","s":"ONGBTC","a":3173279,"T":1603372315756,"e":"aggTrade","p":"0.00001034","f":4302685},{"m":false,"E":1603372316160,"l":4302686,"M":true,"q":"13.00000000","s":"ONGBTC","a":3173280,"T":1603372316159,"e":"aggTrade","p":"0.00001042","f":4302686},{"m":true,"E":1603372316247,"l":4302687,"M":true,"q":"667.00000000","s":"ONGBTC","a":3173281,"T":1603372316246,"e":"aggTrade","p":"0.00001034","f":4302687},{"m":true,"E":1603372316793,"l":4302689,"M":true,"q":"240.00000000","s":"ONGBTC","a":3173282,"T":1603372316792,"e":"aggTrade","p":"0.00001036","f":4302688},{"m":true,"E":1603372317821,"l":4302690,"M":true,"q":"240.00000000","s":"ONGBTC","a":3173283,"T":1603372317819,"e":"aggTrade","p":"0.00001034","f":4302690},{"m":true,"E":1603372317835,"l":4302691,"M":true,"q":"3908.00000000","s":"ONGBTC","a":3173284,"T":1603372317830,"e":"aggTrade","p":"0.00001034","f":4302691},{"m":true,"E":1603372317835,"l":4302692,"M":true,"q":"5913.00000000","s":"ONGBTC","a":3173285,"T":1603372317830,"e":"aggTrade","p":"0.00001032","f":4302692},{"m":true,"E":1603372317835,"l":4302694,"M":true,"q":"48.00000000","s":"ONGBTC","a":3173286,"T":1603372317830,"e":"aggTrade","p":"0.00001031","f":4302693},{"m":true,"E":1603372317835,"l":4302696,"M":true,"q":"5009.00000000","s":"ONGBTC","a":3173287,"T":1603372317830,"e":"aggTrade","p":"0.00001030","f":4302695},{"m":true,"E":1603372317835,"l":4302698,"M":true,"q":"18010.00000000","s":"ONGBTC","a":3173288,"T":1603372317830,"e":"aggTrade","p":"0.00001029","f":4302697},{"m":true,"E":1603372317835,"l":4302699,"M":true,"q":"29.00000000","s":"ONGBTC","a":3173289,"T":1603372317830,"e":"aggTrade","p":"0.00001028","f":4302699},{"m":true,"E":1603372317835,"l":4302700,"M":true,"q":"30.00000000","s":"ONGBTC","a":3173290,"T":1603372317830,"e":"aggTrade","p":"0.00001026","f":4302700},{"m":true,"E":1603372317835,"l":4302702,"M":true,"q":"38.00000000","s":"ONGBTC","a":3173291,"T":1603372317830,"e":"aggTrade","p":"0.00001025","f":4302701},{"m":true,"E":1603372317835,"l":4302703,"M":true,"q":"30.00000000","s":"ONGBTC","a":3173292,"T":1603372317830,"e":"aggTrade","p":"0.00001020","f":4302703},{"m":true,"E":1603372317835,"l":4302704,"M":true,"q":"18.00000000","s":"ONGBTC","a":3173293,"T":1603372317830,"e":"aggTrade","p":"0.00001019","f":4302704},{"m":true,"E":1603372317835,"l":4302705,"M":true,"q":"584.00000000","s":"ONGBTC","a":3173294,"T":1603372317830,"e":"aggTrade","p":"0.00001016","f":4302705},{"m":true,"E":1603372317835,"l":4302706,"M":true,"q":"30.00000000","s":"ONGBTC","a":3173295,"T":1603372317830,"e":"aggTrade","p":"0.00001015","f":4302706},{"m":true,"E":1603372317835,"l":4302709,"M":true,"q":"628.00000000","s":"ONGBTC","a":3173296,"T":1603372317830,"e":"aggTrade","p":"0.00001013","f":4302707},{"m":true,"E":1603372317835,"l":4302711,"M":true,"q":"618.00000000","s":"ONGBTC","a":3173297,"T":1603372317830,"e":"aggTrade","p":"0.00001010","f":4302710},{"m":true,"E":1603372317835,"l":4302714,"M":true,"q":"7600.00000000","s":"ONGBTC","a":3173298,"T":1603372317830,"e":"aggTrade","p":"0.00001008","f":4302712},{"m":true,"E":1603372317835,"l":4302722,"M":true,"q":"10329.00000000","s":"ONGBTC","a":3173299,"T":1603372317830,"e":"aggTrade","p":"0.00001007","f":4302715},{"m":true,"E":1603372317835,"l":4302724,"M":true,"q":"2824.00000000","s":"ONGBTC","a":3173300,"T":1603372317830,"e":"aggTrade","p":"0.00001006","f":4302723},{"m":true,"E":1603372317835,"l":4302725,"M":true,"q":"279.00000000","s":"ONGBTC","a":3173301,"T":1603372317830,"e":"aggTrade","p":"0.00001002","f":4302725},{"m":true,"E":1603372317835,"l":4302726,"M":true,"q":"18.00000000","s":"ONGBTC","a":3173302,"T":1603372317830,"e":"aggTrade","p":"0.00001001","f":4302726},{"m":false,"E":1603372317841,"l":4302727,"M":true,"q":"1616.00000000","s":"ONGBTC","a":3173303,"T":1603372317840,"e":"aggTrade","p":"0.00001000","f":4302727},{"m":false,"E":1603372317841,"l":4302728,"M":true,"q":"1616.00000000","s":"ONGBTC","a":3173304,"T":1603372317840,"e":"aggTrade","p":"0.00001000","f":4302728},{"m":false,"E":1603372317842,"l":4302729,"M":true,"q":"1616.00000000","s":"ONGBTC","a":3173305,"T":1603372317840,"e":"aggTrade","p":"0.00001000","f":4302729},{"m":false,"E":1603372317842,"l":4302730,"M":true,"q":"804.00000000","s":"ONGBTC","a":3173306,"T":1603372317840,"e":"aggTrade","p":"0.00001000","f":4302730},{"m":false,"E":1603372317843,"l":4302731,"M":true,"q":"1616.00000000","s":"ONGBTC","a":3173307,"T":1603372317840,"e":"aggTrade","p":"0.00001000","f":4302731},{"m":false,"E":1603372317843,"l":4302732,"M":true,"q":"1616.00000000","s":"ONGBTC","a":3173308,"T":1603372317840,"e":"aggTrade","p":"0.00001000","f":4302732},{"m":false,"E":1603372317843,"l":4302733,"M":true,"q":"1616.00000000","s":"ONGBTC","a":3173309,"T":1603372317840,"e":"aggTrade","p":"0.00001000","f":4302733},{"m":false,"E":1603372317844,"l":4302734,"M":true,"q":"1616.00000000","s":"ONGBTC","a":3173310,"T":1603372317840,"e":"aggTrade","p":"0.00001000","f":4302734},{"m":false,"E":1603372317844,"l":4302735,"M":true,"q":"1616.00000000","s":"ONGBTC","a":3173311,"T":1603372317840,"e":"aggTrade","p":"0.00001000","f":4302735},{"m":false,"E":1603372317845,"l":4302736,"M":true,"q":"1616.00000000","s":"ONGBTC","a":3173312,"T":1603372317841,"e":"aggTrade","p":"0.00001000","f":4302736},{"m":false,"E":1603372317846,"l":4302737,"M":true,"q":"1616.00000000","s":"ONGBTC","a":3173313,"T":1603372317841,"e":"aggTrade","p":"0.00001000","f":4302737},{"m":false,"E":1603372317847,"l":4302738,"M":true,"q":"1616.00000000","s":"ONGBTC","a":3173314,"T":1603372317841,"e":"aggTrade","p":"0.00001000","f":4302738},{"m":false,"E":1603372317847,"l":4302739,"M":true,"q":"1616.00000000","s":"ONGBTC","a":3173315,"T":1603372317841,"e":"aggTrade","p":"0.00001000","f":4302739},{"m":false,"E":1603372317847,"l":4302740,"M":true,"q":"1616.00000000","s":"ONGBTC","a":3173316,"T":1603372317841,"e":"aggTrade","p":"0.00001000","f":4302740},{"m":false,"E":1603372317847,"l":4302741,"M":true,"q":"804.00000000","s":"ONGBTC","a":3173317,"T":1603372317842,"e":"aggTrade","p":"0.00001000","f":4302741},{"m":false,"E":1603372317848,"l":4302742,"M":true,"q":"1616.00000000","s":"ONGBTC","a":3173318,"T":1603372317842,"e":"aggTrade","p":"0.00001000","f":4302742},{"m":false,"E":1603372317848,"l":4302743,"M":true,"q":"1616.00000000","s":"ONGBTC","a":3173319,"T":1603372317842,"e":"aggTrade","p":"0.00001000","f":4302743},{"m":false,"E":1603372317848,"l":4302744,"M":true,"q":"1616.00000000","s":"ONGBTC","a":3173320,"T":1603372317842,"e":"aggTrade","p":"0.00001000","f":4302744},{"m":false,"E":1603372317849,"l":4302745,"M":true,"q":"1616.00000000","s":"ONGBTC","a":3173321,"T":1603372317842,"e":"aggTrade","p":"0.00001000","f":4302745},{"m":false,"E":1603372317849,"l":4302746,"M":true,"q":"1616.00000000","s":"ONGBTC","a":3173322,"T":1603372317842,"e":"aggTrade","p":"0.00001000","f":4302746},{"m":false,"E":1603372317850,"l":4302747,"M":true,"q":"804.00000000","s":"ONGBTC","a":3173323,"T":1603372317842,"e":"aggTrade","p":"0.00001000","f":4302747},{"m":false,"E":1603372317850,"l":4302748,"M":true,"q":"1616.00000000","s":"ONGBTC","a":3173324,"T":1603372317843,"e":"aggTrade","p":"0.00001000","f":4302748},{"m":false,"E":1603372317851,"l":4302749,"M":true,"q":"1616.00000000","s":"ONGBTC","a":3173325,"T":1603372317843,"e":"aggTrade","p":"0.00001000","f":4302749},{"m":false,"E":1603372317851,"l":4302750,"M":true,"q":"1616.00000000","s":"ONGBTC","a":3173326,"T":1603372317843,"e":"aggTrade","p":"0.00001000","f":4302750},{"m":false,"E":1603372317851,"l":4302751,"M":true,"q":"1616.00000000","s":"ONGBTC","a":3173327,"T":1603372317843,"e":"aggTrade","p":"0.00001000","f":4302751},{"m":false,"E":1603372317851,"l":4302752,"M":true,"q":"1616.00000000","s":"ONGBTC","a":3173328,"T":1603372317843,"e":"aggTrade","p":"0.00001000","f":4302752},{"m":false,"E":1603372317852,"l":4302753,"M":true,"q":"1616.00000000","s":"ONGBTC","a":3173329,"T":1603372317843,"e":"aggTrade","p":"0.00001000","f":4302753},{"m":false,"E":1603372317853,"l":4302754,"M":true,"q":"1616.00000000","s":"ONGBTC","a":3173330,"T":1603372317844,"e":"aggTrade","p":"0.00001000","f":4302754},{"m":false,"E":1603372317853,"l":4302755,"M":true,"q":"1616.00000000","s":"ONGBTC","a":3173331,"T":1603372317844,"e":"aggTrade","p":"0.00001000","f":4302755},{"m":false,"E":1603372317854,"l":4302756,"M":true,"q":"78062.00000000","s":"ONGBTC","a":3173332,"T":1603372317845,"e":"aggTrade","p":"0.00001000","f":4302756},{"m":false,"E":1603372317854,"l":4302757,"M":true,"q":"1616.00000000","s":"ONGBTC","a":3173333,"T":1603372317845,"e":"aggTrade","p":"0.00001000","f":4302757},{"m":false,"E":1603372317854,"l":4302758,"M":true,"q":"804.00000000","s":"ONGBTC","a":3173334,"T":1603372317845,"e":"aggTrade","p":"0.00001000","f":4302758},{"m":false,"E":1603372317855,"l":4302759,"M":true,"q":"1616.00000000","s":"ONGBTC","a":3173335,"T":1603372317845,"e":"aggTrade","p":"0.00001000","f":4302759},{"m":false,"E":1603372317855,"l":4302760,"M":true,"q":"1616.00000000","s":"ONGBTC","a":3173336,"T":1603372317845,"e":"aggTrade","p":"0.00001000","f":4302760},{"m":false,"E":1603372317856,"l":4302761,"M":true,"q":"1616.00000000","s":"ONGBTC","a":3173337,"T":1603372317845,"e":"aggTrade","p":"0.00001000","f":4302761},{"m":false,"E":1603372317856,"l":4302762,"M":true,"q":"1616.00000000","s":"ONGBTC","a":3173338,"T":1603372317845,"e":"aggTrade","p":"0.00001000","f":4302762},{"m":false,"E":1603372317856,"l":4302763,"M":true,"q":"4826.00000000","s":"ONGBTC","a":3173339,"T":1603372317846,"e":"aggTrade","p":"0.00001000","f":4302763},{"m":false,"E":1603372317856,"l":4302764,"M":true,"q":"2073.00000000","s":"ONGBTC","a":3173340,"T":1603372317846,"e":"aggTrade","p":"0.00001000","f":4302764},{"m":false,"E":1603372317857,"l":4302765,"M":true,"q":"1616.00000000","s":"ONGBTC","a":3173341,"T":1603372317846,"e":"aggTrade","p":"0.00001000","f":4302765},{"m":false,"E":1603372317857,"l":4302766,"M":true,"q":"804.00000000","s":"ONGBTC","a":3173342,"T":1603372317846,"e":"aggTrade","p":"0.00001000","f":4302766},{"m":false,"E":1603372317857,"l":4302767,"M":true,"q":"1616.00000000","s":"ONGBTC","a":3173343,"T":1603372317846,"e":"aggTrade","p":"0.00001000","f":4302767},{"m":false,"E":1603372317858,"l":4302768,"M":true,"q":"1616.00000000","s":"ONGBTC","a":3173344,"T":1603372317846,"e":"aggTrade","p":"0.00001000","f":4302768},{"m":false,"E":1603372317858,"l":4302769,"M":true,"q":"1616.00000000","s":"ONGBTC","a":3173345,"T":1603372317846,"e":"aggTrade","p":"0.00001000","f":4302769},{"m":false,"E":1603372317858,"l":4302770,"M":true,"q":"1616.00000000","s":"ONGBTC","a":3173346,"T":1603372317846,"e":"aggTrade","p":"0.00001000","f":4302770},{"m":false,"E":1603372317859,"l":4302771,"M":true,"q":"804.00000000","s":"ONGBTC","a":3173347,"T":1603372317847,"e":"aggTrade","p":"0.00001000","f":4302771},{"m":false,"E":1603372317859,"l":4302772,"M":true,"q":"1616.00000000","s":"ONGBTC","a":3173348,"T":1603372317847,"e":"aggTrade","p":"0.00001000","f":4302772},{"m":false,"E":1603372317860,"l":4302773,"M":true,"q":"1616.00000000","s":"ONGBTC","a":3173349,"T":1603372317847,"e":"aggTrade","p":"0.00001000","f":4302773},{"m":false,"E":1603372317861,"l":4302774,"M":true,"q":"1616.00000000","s":"ONGBTC","a":3173350,"T":1603372317847,"e":"aggTrade","p":"0.00001000","f":4302774},{"m":false,"E":1603372317861,"l":4302775,"M":true,"q":"1616.00000000","s":"ONGBTC","a":3173351,"T":1603372317847,"e":"aggTrade","p":"0.00001000","f":4302775},{"m":false,"E":1603372317861,"l":4302776,"M":true,"q":"1616.00000000","s":"ONGBTC","a":3173352,"T":1603372317848,"e":"aggTrade","p":"0.00001000","f":4302776},{"m":false,"E":1603372317861,"l":4302777,"M":true,"q":"1616.00000000","s":"ONGBTC","a":3173353,"T":1603372317848,"e":"aggTrade","p":"0.00001000","f":4302777},{"m":false,"E":1603372317863,"l":4302778,"M":true,"q":"1616.00000000","s":"ONGBTC","a":3173354,"T":1603372317849,"e":"aggTrade","p":"0.00001000","f":4302778},{"m":false,"E":1603372317865,"l":4302779,"M":true,"q":"139.00000000","s":"ONGBTC","a":3173355,"T":1603372317851,"e":"aggTrade","p":"0.00001000","f":4302779},{"m":false,"E":1603372317866,"l":4302780,"M":true,"q":"128.00000000","s":"ONGBTC","a":3173356,"T":1603372317853,"e":"aggTrade","p":"0.00001000","f":4302780},{"m":false,"E":1603372317867,"l":4302781,"M":true,"q":"496.00000000","s":"ONGBTC","a":3173357,"T":1603372317855,"e":"aggTrade","p":"0.00001000","f":4302781},{"m":false,"E":1603372317868,"l":4302782,"M":true,"q":"1616.00000000","s":"ONGBTC","a":3173358,"T":1603372317856,"e":"aggTrade","p":"0.00001000","f":4302782},{"m":false,"E":1603372317869,"l":4302783,"M":true,"q":"7328.00000000","s":"ONGBTC","a":3173359,"T":1603372317858,"e":"aggTrade","p":"0.00001000","f":4302783},{"m":false,"E":1603372317871,"l":4302784,"M":true,"q":"89.00000000","s":"ONGBTC","a":3173360,"T":1603372317864,"e":"aggTrade","p":"0.00001000","f":4302784},{"m":false,"E":1603372317872,"l":4302785,"M":true,"q":"1616.00000000","s":"ONGBTC","a":3173361,"T":1603372317867,"e":"aggTrade","p":"0.00001000","f":4302785},{"m":true,"E":1603372317873,"l":4302787,"M":true,"q":"4700.00000000","s":"ONGBTC","a":3173362,"T":1603372317870,"e":"aggTrade","p":"0.00000999","f":4302786},{"m":false,"E":1603372317875,"l":4302788,"M":true,"q":"119.00000000","s":"ONGBTC","a":3173363,"T":1603372317874,"e":"aggTrade","p":"0.00001000","f":4302788},{"m":false,"E":1603372317877,"l":4302789,"M":true,"q":"86.00000000","s":"ONGBTC","a":3173364,"T":1603372317875,"e":"aggTrade","p":"0.00001000","f":4302789},{"m":true,"E":1603372317880,"l":4302791,"M":true,"q":"2610.00000000","s":"ONGBTC","a":3173365,"T":1603372317877,"e":"aggTrade","p":"0.00000998","f":4302790},{"m":true,"E":1603372317880,"l":4302792,"M":true,"q":"635.00000000","s":"ONGBTC","a":3173366,"T":1603372317877,"e":"aggTrade","p":"0.00000997","f":4302792},{"m":true,"E":1603372317880,"l":4302793,"M":true,"q":"18.00000000","s":"ONGBTC","a":3173367,"T":1603372317877,"e":"aggTrade","p":"0.00000994","f":4302793},{"m":true,"E":1603372317880,"l":4302805,"M":true,"q":"15264.00000000","s":"ONGBTC","a":3173368,"T":1603372317877,"e":"aggTrade","p":"0.00000992","f":4302794},{"m":true,"E":1603372317880,"l":4302806,"M":true,"q":"18.00000000","s":"ONGBTC","a":3173369,"T":1603372317877,"e":"aggTrade","p":"0.00000988","f":4302806},{"m":true,"E":1603372317880,"l":4302807,"M":true,"q":"311.00000000","s":"ONGBTC","a":3173370,"T":1603372317877,"e":"aggTrade","p":"0.00000987","f":4302807},{"m":true,"E":1603372317880,"l":4302808,"M":true,"q":"2093.00000000","s":"ONGBTC","a":3173371,"T":1603372317877,"e":"aggTrade","p":"0.00000986","f":4302808},{"m":false,"E":1603372317881,"l":4302809,"M":true,"q":"930.00000000","s":"ONGBTC","a":3173372,"T":1603372317878,"e":"aggTrade","p":"0.00001000","f":4302809},{"m":false,"E":1603372317881,"l":4302810,"M":true,"q":"4258.00000000","s":"ONGBTC","a":3173373,"T":1603372317880,"e":"aggTrade","p":"0.00001000","f":4302810},{"m":false,"E":1603372317883,"l":4302811,"M":true,"q":"1511.00000000","s":"ONGBTC","a":3173374,"T":1603372317881,"e":"aggTrade","p":"0.00001000","f":4302811},{"m":false,"E":1603372317884,"l":4302812,"M":true,"q":"775.00000000","s":"ONGBTC","a":3173375,"T":1603372317883,"e":"aggTrade","p":"0.00001000","f":4302812},{"m":false,"E":1603372317891,"l":4302813,"M":true,"q":"71.00000000","s":"ONGBTC","a":3173376,"T":1603372317889,"e":"aggTrade","p":"0.00001000","f":4302813},{"m":false,"E":1603372317891,"l":4302814,"M":true,"q":"373.00000000","s":"ONGBTC","a":3173377,"T":1603372317890,"e":"aggTrade","p":"0.00001000","f":4302814},{"m":false,"E":1603372317911,"l":4302815,"M":true,"q":"6355.00000000","s":"ONGBTC","a":3173378,"T":1603372317910,"e":"aggTrade","p":"0.00001000","f":4302815},{"m":true,"E":1603372317917,"l":4302816,"M":true,"q":"920.00000000","s":"ONGBTC","a":3173379,"T":1603372317916,"e":"aggTrade","p":"0.00000993","f":4302816}