[{"peak":"","transactionList":[]},{"peak":"4.11949686|180,-4.97780596|360,3.64616360|480,-12.87983425|600,5.11049724|60,-5.03795721|180,4.27881297|150,-33.36275375|180,27.36098853|240,-12.47077163|990,4.59859704|210,-17.92618629|1860,4.70123023|270,-14.56730769|1290,11.73076923|690,-3.38078292|90,5.42704626|270,-3.94736842|180,34.69298246|450,-25.34693878|210,3.26530612|90,-28.03643725|1080,11.38663968|240,-4.66000951|60,8.27389444|120,-9.84081042|390,3.18379161|150,-5.31757755|150,6.10536681|420,-23.00228311|2040,13.64155251|1650,-5.12143611|2040,5.43822598|750,-9.36473165|990,4.87404162|360,-12.25087925|2460,3.16529894|150,-9.18114144|540,4.40446650|1890,-19.19263456|1470,7.64872521|2004,-12.84335561|816,5.49368968|9,-10.41181041|75,5.82750583|640,-3.49544073|364,-3.49544073|364","transactionList":[{},{},{},{},{},{},{},{},{},{},{},{},{},{},{},{},{},{},{},{},{},{},{},{},{},{},{},{},{},{},{},{},{},{},{},{},{},{},{},{},{},{},{},{},{},{},[{"m":true,"l":255468,"M":true,"q":"0.33300000","a":167985,"T":1601881680623,"p":"0.00065900","f":255467},{"m":true,"l":255470,"M":true,"q":"1.68400000","a":167986,"T":1601881680631,"p":"0.00065800","f":255469},{"m":true,"l":255471,"M":true,"q":"0.52900000","a":167987,"T":1601881680632,"p":"0.00065700","f":255471},{"m":true,"l":255473,"M":true,"q":"3.19300000","a":167988,"T":1601881681685,"p":"0.00065700","f":255472},{"m":false,"l":255474,"M":true,"q":"21.15100000","a":167989,"T":1601881737467,"p":"0.00065900","f":255474}]]},{"peak":"-10.58918809|3180,5.24397651|1470,-14.09130817|5400,3.35820896|270,-5.65402737|1050,7.56113978|1470,-5.75777631|660,3.46348996|1320,-3.94503546|480,8.26684397|1500,-3.58354538|360,5.08905852|990,-4.60109751|390,9.34993668|2610,-4.64552616|1710,7.69541507|630,-8.74974505|2160,8.70895370|1503,-6.47223332|888,3.95525370|968,3.95525370|968","transactionList":[{},{},{},{},{},{},{},{},{},{},{},{},{},{},{},{},{},{},{},{},[]]},{"peak":"4.96323529|210,-20.21052632|2520,5.89473684|600,-7.47863248|900,13.88888889|1830,-3.69649805|90,4.28015564|60,-4.28015564|120,4.08560311|150,-10.30927835|930,3.29896907|270,-6.14406780|1020,8.05084746|900,-13.08203991|630,3.99113082|300,-3.99113082|750,6.43015521|1020,-10.09174312|3360,4.81651376|630,-3.16027088|1050,5.64334086|180,-5.16853933|1200,3.37078652|360,-3.13901345|1050,3.58744395|690,-17.25888325|8025","transactionList":[{},{},{},{},{},{},{},{},{},{},{},{},{},{},{},{},{},{},{},{},{},{},{},{},{},{}]},{"peak":"-9.45709282|1350,4.99124343|120,-3.67488111|60,3.54517942|90,-4.67657343|450,6.86188811|90,-5.93587522|90,3.94280763|570,-5.68281938|330,8.63436123|1440,-10.23692445|1290,7.10773357|1260,-9.65675057|360,7.36842105|1230,-7.61467890|60,6.74311927|210,-3.74498440|90,3.25456977|180,-9.45179584|1950,8.69565217|300,-6.67903525|1110,6.07606679|270,-5.10110294|1110,5.19301471|570,-3.43425215|840,6.10031631|810,-3.25417766|210,14.95162709|2370,-4.51819272|60,3.71851259|30,-14.93132477|2040,6.82321666|630,-6.53999116|390,5.30269554|2280,-9.51286765|2691,5.28492647|1716,-4.42114859|638","transactionList":[{},{},{},{},{},{},{},{},{},{},{},{},{},{},{},{},{},{},{},{},{},{},{},{},{},{},{},{},{},{},{},{},{},{},{},{},{}]},{"peak":"-6.84191499|870,3.13897640|270,-7.13718590|810,3.25958670|390,-5.78381587|750,8.58119545|1410,-19.73358867|4200,4.28221662|120,-12.50343249|1290,4.01438379|330,-4.92540660|630,5.18394428|1020,-3.98649001|360,6.10427208|390,-4.38637005|360,6.22482231|1620,-3.14937087|450,4.77887131|780,-7.63363663|2340,9.34464622|2340,-7.07545396|2430,5.10545509|1110,-10.85103290|1350,7.82437451|4141,-3.92881257|9","transactionList":[{},{},{},{},{},{},{},{},{},{},{},{},{},{},{},{},{},{},{},{},{},{},{},{},{}]},{"peak":"17.43869210|810,-8.29145729|420,3.01507538|90,-20.23460411|870,8.79765396|330,-8.47953216|420,9.94152047|960,-9.30232558|330,6.10465116|120,-4.88505747|270,6.32183908|1140,-3.35195531|210,13.12849162|900,-9.45945946|540,6.48648649|450,-8.53994490|1410,4.68319559|180,-12.42603550|780,7.69230769|840,-4.59770115|210,12.35632184|1080,-5.10752688|150,3.49462366|90,-5.76923077|120,3.84615385|90,-17.75700935|870,7.78816199|420,-5.48780488|150,11.28048780|1110,-7.66961652|330,11.79941003|1380,-10.81871345|1650,3.50877193|510,-17.21854305|5130,3.31125828|240,-23.80952381|1170,6.34920635|420,-4.68750000|831,3.12500000|291,-10.00000000|2023,3.33333333|442,-5.08474576|197","transactionList":[{},{},{},{},{},{},{},{},{},{},{},{},{},{},{},{},{},{},{},{},{},{},{},{},{},{},{},{},{},{},{},{},{},{},{},{},{},{},{},{},{},{}]},{"peak":"3.44946533|270,-14.46564885|1770,5.38167939|510,-7.64132554|600,4.05458090|1650,-9.97115781|4290,4.32632880|150,-11.15013169|930,7.63827919|480,-8.30388693|420,3.57773852|1050,-5.06272401|360,3.09139785|150,-5.84176633|1470,6.34774609|3360,-4.14414414|870,34.36936937|5550,-13.42205323|660,3.87832700|60,-22.45629762|5170","transactionList":[{},{},{},{},{},{},{},{},{},{},{},{},{},{},{},{},{},{},{},{}]},{"peak":"-14.52631579|4470,4.00000000|780,-7.62527233|3780,5.01089325|120,-11.83294664|480,6.03248260|180,-6.03248260|840,3.71229698|990,-7.45192308|1920,9.61538462|150,-5.80046404|1260,7.65661253|1080,-5.45454545|1080,3.40909091|240,-4.59770115|540,7.35632184|3060,-5.18018018|450,4.05405405|2130,-8.96226415|1710,5.18867925|510,-4.69483568|1974,6.80751174|1474","transactionList":[{},{},{},{},{},{},{},{},{},{},{},{},{},{},{},{},{},{},{},{},{},{}]},{"peak":"-3.35917313|780,3.61757106|390,-16.56976744|990,11.62790698|1470,-11.30434783|4230,51.30434783|990,-17.30337079|90,4.26966292|30,-8.41121495|240,11.91588785|90,-11.91588785|360,10.04672897|60,-22.02072539|330,3.10880829|30,-11.17318436|240,6.98324022|660,-12.64705882|330,3.52941176|450,-5.38922156|870,9.58083832|600,-8.60534125|450,9.19881306|660,-4.84330484|420,5.69800570|2070,-7.53623188|1530,5.50724638|1230,-4.59770115|1560,4.02298851|1350,-3.72492837|2160,6.87679083|750,-7.49279539|390,4.32276657|420,-5.23255814|3241","transactionList":[{},{},{},{},{},{},{},{},{},{},{},{},{},{},{},{},{},{},{},{},{},{},{},{},{},{},{},{},{},{},{},{},{}]},{"peak":"-4.16289593|600,5.65610860|150,-8.40297122|690,5.80315692|90,-3.49682107|60,9.44595822|90,-16.53771760|480,12.47582205|540,-5.34420290|90,3.26086957|180,-5.45790934|240,4.85661425|450,-7.69596200|1080,7.26840855|570,-6.10902256|630,3.75939850|390,-8.18226360|1470,4.89955904|120,-31.51105651|2280,3.74692875|330,-3.93846154|300,4.55384615|210,-6.18750000|210,4.68750000|600,-3.14039409|180,7.51231527|270,-10.29690461|360,3.47441567|150,-10.30303030|1110,7.34006734|1170,-4.25114454|510,16.74296926|960,-4.69208211|780,8.79765396|390,-12.42424242|960,24.12121212|1290,-5.45829042|510,14.16065911|660,-7.67362797|510,7.28508985|720,-12.87685232|2580,3.67910066|450,-15.61253561|360,14.41595442|1917,-6.69500531|504,4.67587673|276,-5.63002681|545,9.81233244|652,-5.02564103|214,-6.50026001|434","transactionList":[{},{},{},{},{},{},{},{},{},{},{},{},{},{},{},{},{},{},{},{},{},{},{},{},{},{},{},{},{},{},{},{},{},{},{},{},{},{},{},{},{},{},{},{},{},{},{},{},{},[{"m":true,"E":1601892521516,"l":7903083,"M":true,"q":"1344.00000000","s":"BLZBTC","a":5781589,"T":1601892521515,"e":"aggTrade","p":"0.00000960","f":7903080},{"m":true,"E":1601892528708,"l":7903084,"M":true,"q":"26.00000000","s":"BLZBTC","a":5781590,"T":1601892528707,"e":"aggTrade","p":"0.00000960","f":7903084}]]},{"peak":"-11.89974726|450,14.97472620|840,-9.79485117|240,4.02252615|60,-22.41420118|1200,10.46153846|570,-13.99609184|900,5.34929165|180,-3.40445936|120,22.99208823|180,-5.88235294|120,3.30237358|60,-7.77347115|120,9.36692506|660,-6.72410170|750,3.36205085|300,-10.41526375|990,5.11784512|450,-6.50443484|1140,12.69047078|240,-12.99885975|480,6.38540479|60,-4.47928331|60,9.13773796|360,-4.30222603|180,4.00256849|210,-10.75906086|1740,3.55596079|330,-10.85895559|630,6.17374329|1530,-6.27747924|600,4.71421593|540,-4.97061704|1020,3.99118511|660,-6.65494726|1860,7.88548468|900,-9.31297710|2520,4.88549618|840,-4.32801822|600,3.77119717|630,-10.66126856|450,5.23616734|510,-5.57812077|150,6.74248578|1467,-7.70491803|2019,-9.01548673|2045,3.87168142|151","transactionList":[{},{},{},{},{},{},{},{},{},{},{},{},{},{},{},{},{},{},{},{},{},{},{},{},{},{},{},{},{},{},{},{},{},{},{},{},{},{},{},{},{},{},{},{},{},[{"m":true,"E":1601884947726,"l":7803302,"M":true,"q":"4176.00000000","s":"LRCBTC","a":5857554,"T":1601884947725,"e":"aggTrade","p":"0.00001815","f":7803301},{"m":false,"E":1601884947734,"l":7803303,"M":true,"q":"151.00000000","s":"LRCBTC","a":5857555,"T":1601884947733,"e":"aggTrade","p":"0.00001817","f":7803303},{"m":true,"E":1601884950315,"l":7803304,"M":true,"q":"151.00000000","s":"LRCBTC","a":5857556,"T":1601884950312,"e":"aggTrade","p":"0.00001815","f":7803304},{"m":true,"E":1601884950315,"l":7803306,"M":true,"q":"412.00000000","s":"LRCBTC","a":5857557,"T":1601884950312,"e":"aggTrade","p":"0.00001814","f":7803305},{"m":true,"E":1601884950315,"l":7803310,"M":true,"q":"41.00000000","s":"LRCBTC","a":5857558,"T":1601884950312,"e":"aggTrade","p":"0.00001813","f":7803307},{"m":true,"E":1601884950315,"l":7803316,"M":true,"q":"186.00000000","s":"LRCBTC","a":5857559,"T":1601884950312,"e":"aggTrade","p":"0.00001812","f":7803311},{"m":true,"E":1601884950315,"l":7803318,"M":true,"q":"247.00000000","s":"LRCBTC","a":5857560,"T":1601884950312,"e":"aggTrade","p":"0.00001811","f":7803317},{"m":true,"E":1601884956505,"l":7803319,"M":true,"q":"667.00000000","s":"LRCBTC","a":5857561,"T":1601884956504,"e":"aggTrade","p":"0.00001812","f":7803319},{"m":false,"E":1601884957995,"l":7803320,"M":true,"q":"152.00000000","s":"LRCBTC","a":5857562,"T":1601884957994,"e":"aggTrade","p":"0.00001816","f":7803320},{"m":true,"E":1601884979227,"l":7803321,"M":true,"q":"152.00000000","s":"LRCBTC","a":5857563,"T":1601884979224,"e":"aggTrade","p":"0.00001813","f":7803321},{"m":true,"E":1601884979227,"l":7803323,"M":true,"q":"9476.00000000","s":"LRCBTC","a":5857564,"T":1601884979224,"e":"aggTrade","p":"0.00001812","f":7803322},{"m":true,"E":1601884979227,"l":7803324,"M":true,"q":"1154.00000000","s":"LRCBTC","a":5857565,"T":1601884979224,"e":"aggTrade","p":"0.00001811","f":7803324},{"m":true,"E":1601884979227,"l":7803328,"M":true,"q":"3799.00000000","s":"LRCBTC","a":5857566,"T":1601884979224,"e":"aggTrade","p":"0.00001810","f":7803325},{"m":true,"E":1601884979227,"l":7803331,"M":true,"q":"18436.00000000","s":"LRCBTC","a":5857567,"T":1601884979224,"e":"aggTrade","p":"0.00001809","f":7803329},{"m":true,"E":1601884979227,"l":7803334,"M":true,"q":"13556.00000000","s":"LRCBTC","a":5857568,"T":1601884979224,"e":"aggTrade","p":"0.00001808","f":7803332},{"m":false,"E":1601884979232,"l":7803335,"M":true,"q":"3785.00000000","s":"LRCBTC","a":5857569,"T":1601884979231,"e":"aggTrade","p":"0.00001808","f":7803335},{"m":true,"E":1601884980942,"l":7803337,"M":true,"q":"157.00000000","s":"LRCBTC","a":5857570,"T":1601884980940,"e":"aggTrade","p":"0.00001809","f":7803336},{"m":false,"E":1601884989010,"l":7803338,"M":true,"q":"152.00000000","s":"LRCBTC","a":5857571,"T":1601884989009,"e":"aggTrade","p":"0.00001815","f":7803338},{"m":false,"E":1601884989021,"l":7803339,"M":true,"q":"128.00000000","s":"LRCBTC","a":5857572,"T":1601884989020,"e":"aggTrade","p":"0.00001815","f":7803339},{"m":true,"E":1601884990879,"l":7803340,"M":true,"q":"28.00000000","s":"LRCBTC","a":5857573,"T":1601884990878,"e":"aggTrade","p":"0.00001814","f":7803340},{"m":false,"E":1601885005924,"l":7803341,"M":true,"q":"6.00000000","s":"LRCBTC","a":5857574,"T":1601885005922,"e":"aggTrade","p":"0.00001816","f":7803341},{"m":false,"E":1601885005924,"l":7803342,"M":true,"q":"49.00000000","s":"LRCBTC","a":5857575,"T":1601885005922,"e":"aggTrade","p":"0.00001817","f":7803342},{"m":false,"E":1601885015751,"l":7803343,"M":true,"q":"2.00000000","s":"LRCBTC","a":5857576,"T":1601885015750,"e":"aggTrade","p":"0.00001816","f":7803343},{"m":false,"E":1601885017657,"l":7803344,"M":true,"q":"40.00000000","s":"LRCBTC","a":5857577,"T":1601885017656,"e":"aggTrade","p":"0.00001816","f":7803344},{"m":false,"E":1601885030175,"l":7803345,"M":true,"q":"7.00000000","s":"LRCBTC","a":5857578,"T":1601885030174,"e":"aggTrade","p":"0.00001816","f":7803345}],[{"m":true,"E":1601893989212,"l":7803961,"M":true,"q":"106.00000000","s":"LRCBTC","a":5858006,"T":1601893989211,"e":"aggTrade","p":"0.00001862","f":7803961},{"m":false,"E":1601893990149,"l":7803963,"M":true,"q":"108.00000000","s":"LRCBTC","a":5858007,"T":1601893990148,"e":"aggTrade","p":"0.00001865","f":7803962},{"m":false,"E":1601893992240,"l":7803965,"M":true,"q":"80.00000000","s":"LRCBTC","a":5858008,"T":1601893992238,"e":"aggTrade","p":"0.00001866","f":7803964},{"m":true,"E":1601894001376,"l":7803966,"M":true,"q":"55.00000000","s":"LRCBTC","a":5858009,"T":1601894001375,"e":"aggTrade","p":"0.00001863","f":7803966},{"m":false,"E":1601894005456,"l":7803967,"M":true,"q":"1174.00000000","s":"LRCBTC","a":5858010,"T":1601894005455,"e":"aggTrade","p":"0.00001866","f":7803967},{"m":true,"E":1601894007002,"l":7803968,"M":true,"q":"32.00000000","s":"LRCBTC","a":5858011,"T":1601894007001,"e":"aggTrade","p":"0.00001864","f":7803968},{"m":false,"E":1601894007122,"l":7803969,"M":true,"q":"7514.00000000","s":"LRCBTC","a":5858012,"T":1601894007120,"e":"aggTrade","p":"0.00001866","f":7803969},{"m":false,"E":1601894007651,"l":7803970,"M":true,"q":"100.00000000","s":"LRCBTC","a":5858013,"T":1601894007650,"e":"aggTrade","p":"0.00001866","f":7803970},{"m":false,"E":1601894008471,"l":7803971,"M":true,"q":"1174.00000000","s":"LRCBTC","a":5858014,"T":1601894008470,"e":"aggTrade","p":"0.00001866","f":7803971},{"m":false,"E":1601894009237,"l":7803972,"M":true,"q":"200.00000000","s":"LRCBTC","a":5858015,"T":1601894009236,"e":"aggTrade","p":"0.00001866","f":7803972},{"m":false,"E":1601894009345,"l":7803973,"M":true,"q":"200.00000000","s":"LRCBTC","a":5858016,"T":1601894009344,"e":"aggTrade","p":"0.00001866","f":7803973},{"m":false,"E":1601894011051,"l":7803974,"M":true,"q":"2347.00000000","s":"LRCBTC","a":5858017,"T":1601894011049,"e":"aggTrade","p":"0.00001866","f":7803974},{"m":false,"E":1601894011063,"l":7803975,"M":true,"q":"66.00000000","s":"LRCBTC","a":5858018,"T":1601894011061,"e":"aggTrade","p":"0.00001867","f":7803975},{"m":false,"E":1601894011543,"l":7803977,"M":true,"q":"316.00000000","s":"LRCBTC","a":5858019,"T":1601894011542,"e":"aggTrade","p":"0.00001868","f":7803976},{"m":false,"E":1601894014650,"l":7803981,"M":true,"q":"66.00000000","s":"LRCBTC","a":5858020,"T":1601894014648,"e":"aggTrade","p":"0.00001869","f":7803978},{"m":false,"E":1601894015086,"l":7803982,"M":true,"q":"80.00000000","s":"LRCBTC","a":5858021,"T":1601894015085,"e":"aggTrade","p":"0.00001869","f":7803982},{"m":true,"E":1601894019364,"l":7803983,"M":true,"q":"6.00000000","s":"LRCBTC","a":5858022,"T":1601894019362,"e":"aggTrade","p":"0.00001867","f":7803983},{"m":true,"E":1601894019364,"l":7803984,"M":true,"q":"48.00000000","s":"LRCBTC","a":5858023,"T":1601894019362,"e":"aggTrade","p":"0.00001866","f":7803984},{"m":true,"E":1601894019891,"l":7803985,"M":true,"q":"54.00000000","s":"LRCBTC","a":5858024,"T":1601894019889,"e":"aggTrade","p":"0.00001866","f":7803985},{"m":true,"E":1601894020643,"l":7803986,"M":true,"q":"24.00000000","s":"LRCBTC","a":5858025,"T":1601894020642,"e":"aggTrade","p":"0.00001866","f":7803986},{"m":true,"E":1601894021107,"l":7803987,"M":true,"q":"75.00000000","s":"LRCBTC","a":5858026,"T":1601894021106,"e":"aggTrade","p":"0.00001866","f":7803987},{"m":true,"E":1601894021355,"l":7803988,"M":true,"q":"54.00000000","s":"LRCBTC","a":5858027,"T":1601894021354,"e":"aggTrade","p":"0.00001866","f":7803988},{"m":true,"E":1601894029497,"l":7803989,"M":true,"q":"7.00000000","s":"LRCBTC","a":5858028,"T":1601894029496,"e":"aggTrade","p":"0.00001866","f":7803989},{"m":true,"E":1601894030737,"l":7803990,"M":true,"q":"27.00000000","s":"LRCBTC","a":5858029,"T":1601894030736,"e":"aggTrade","p":"0.00001867","f":7803990},{"m":false,"E":1601894030800,"l":7803992,"M":true,"q":"568.00000000","s":"LRCBTC","a":5858030,"T":1601894030799,"e":"aggTrade","p":"0.00001869","f":7803991},{"m":false,"E":1601894030963,"l":7803997,"M":true,"q":"209.00000000","s":"LRCBTC","a":5858031,"T":1601894030961,"e":"aggTrade","p":"0.00001870","f":7803993},{"m":false,"E":1601894030992,"l":7804001,"M":true,"q":"233.00000000","s":"LRCBTC","a":5858032,"T":1601894030991,"e":"aggTrade","p":"0.00001871","f":7803998},{"m":false,"E":1601894031034,"l":7804002,"M":true,"q":"43.00000000","s":"LRCBTC","a":5858033,"T":1601894031031,"e":"aggTrade","p":"0.00001872","f":7804002},{"m":false,"E":1601894031053,"l":7804004,"M":true,"q":"27.00000000","s":"LRCBTC","a":5858034,"T":1601894031051,"e":"aggTrade","p":"0.00001873","f":7804003},{"m":true,"E":1601894032017,"l":7804005,"M":true,"q":"10.00000000","s":"LRCBTC","a":5858035,"T":1601894032015,"e":"aggTrade","p":"0.00001868","f":7804005},{"m":true,"E":1601894033013,"l":7804006,"M":true,"q":"44.00000000","s":"LRCBTC","a":5858036,"T":1601894033012,"e":"aggTrade","p":"0.00001870","f":7804006},{"m":false,"E":1601894034614,"l":7804010,"M":true,"q":"317.00000000","s":"LRCBTC","a":5858037,"T":1601894034612,"e":"aggTrade","p":"0.00001875","f":7804007},{"m":true,"E":1601894036020,"l":7804011,"M":true,"q":"13.00000000","s":"LRCBTC","a":5858038,"T":1601894036019,"e":"aggTrade","p":"0.00001874","f":7804011},{"m":true,"E":1601894040786,"l":7804013,"M":true,"q":"9064.00000000","s":"LRCBTC","a":5858039,"T":1601894040785,"e":"aggTrade","p":"0.00001876","f":7804012},{"m":false,"E":1601894040791,"l":7804014,"M":true,"q":"1716.00000000","s":"LRCBTC","a":5858040,"T":1601894040790,"e":"aggTrade","p":"0.00001874","f":7804014},{"m":true,"E":1601894040794,"l":7804015,"M":true,"q":"2400.00000000","s":"LRCBTC","a":5858041,"T":1601894040793,"e":"aggTrade","p":"0.00001873","f":7804015},{"m":false,"E":1601894040872,"l":7804016,"M":true,"q":"2.00000000","s":"LRCBTC","a":5858042,"T":1601894040871,"e":"aggTrade","p":"0.00001878","f":7804016},{"m":true,"E":1601894040875,"l":7804017,"M":true,"q":"1000.00000000","s":"LRCBTC","a":5858043,"T":1601894040874,"e":"aggTrade","p":"0.00001873","f":7804017},{"m":true,"E":1601894040875,"l":7804018,"M":true,"q":"667.00000000","s":"LRCBTC","a":5858044,"T":1601894040874,"e":"aggTrade","p":"0.00001873","f":7804018},{"m":true,"E":1601894040875,"l":7804019,"M":true,"q":"2833.00000000","s":"LRCBTC","a":5858045,"T":1601894040874,"e":"aggTrade","p":"0.00001872","f":7804019},{"m":true,"E":1601894040875,"l":7804020,"M":true,"q":"1000.00000000","s":"LRCBTC","a":5858046,"T":1601894040874,"e":"aggTrade","p":"0.00001872","f":7804020},{"m":true,"E":1601894040895,"l":7804021,"M":true,"q":"9290.00000000","s":"LRCBTC","a":5858047,"T":1601894040894,"e":"aggTrade","p":"0.00001872","f":7804021},{"m":true,"E":1601894041520,"l":7804022,"M":true,"q":"11.00000000","s":"LRCBTC","a":5858048,"T":1601894041519,"e":"aggTrade","p":"0.00001870","f":7804022},{"m":false,"E":1601894047604,"l":7804023,"M":true,"q":"270.00000000","s":"LRCBTC","a":5858049,"T":1601894047602,"e":"aggTrade","p":"0.00001877","f":7804023},{"m":false,"E":1601894047604,"l":7804027,"M":true,"q":"135.00000000","s":"LRCBTC","a":5858050,"T":1601894047602,"e":"aggTrade","p":"0.00001878","f":7804024},{"m":true,"E":1601894047611,"l":7804028,"M":true,"q":"1188.00000000","s":"LRCBTC","a":5858051,"T":1601894047610,"e":"aggTrade","p":"0.00001878","f":7804028},{"m":true,"E":1601894048106,"l":7804029,"M":true,"q":"269.00000000","s":"LRCBTC","a":5858052,"T":1601894048105,"e":"aggTrade","p":"0.00001875","f":7804029},{"m":true,"E":1601894048123,"l":7804030,"M":true,"q":"2831.00000000","s":"LRCBTC","a":5858053,"T":1601894048122,"e":"aggTrade","p":"0.00001874","f":7804030},{"m":true,"E":1601894048434,"l":7804031,"M":true,"q":"688.00000000","s":"LRCBTC","a":5858054,"T":1601894048432,"e":"aggTrade","p":"0.00001871","f":7804031},{"m":true,"E":1601894049275,"l":7804032,"M":true,"q":"8185.00000000","s":"LRCBTC","a":5858055,"T":1601894049274,"e":"aggTrade","p":"0.00001871","f":7804032},{"m":true,"E":1601894049350,"l":7804033,"M":true,"q":"2000.00000000","s":"LRCBTC","a":5858056,"T":1601894049349,"e":"aggTrade","p":"0.00001870","f":7804033},{"m":true,"E":1601894049461,"l":7804034,"M":true,"q":"9.00000000","s":"LRCBTC","a":5858057,"T":1601894049461,"e":"aggTrade","p":"0.00001869","f":7804034},{"m":true,"E":1601894049750,"l":7804036,"M":true,"q":"60.00000000","s":"LRCBTC","a":5858058,"T":1601894049748,"e":"aggTrade","p":"0.00001865","f":7804035},{"m":true,"E":1601894049762,"l":7804039,"M":true,"q":"1995.00000000","s":"LRCBTC","a":5858059,"T":1601894049761,"e":"aggTrade","p":"0.00001864","f":7804037},{"m":true,"E":1601894049799,"l":7804040,"M":true,"q":"1149.00000000","s":"LRCBTC","a":5858060,"T":1601894049797,"e":"aggTrade","p":"0.00001865","f":7804040},{"m":true,"E":1601894050014,"l":7804041,"M":true,"q":"16.00000000","s":"LRCBTC","a":5858061,"T":1601894050013,"e":"aggTrade","p":"0.00001863","f":7804041},{"m":true,"E":1601894050028,"l":7804042,"M":true,"q":"2968.00000000","s":"LRCBTC","a":5858062,"T":1601894050027,"e":"aggTrade","p":"0.00001863","f":7804042},{"m":true,"E":1601894050053,"l":7804044,"M":true,"q":"1316.00000000","s":"LRCBTC","a":5858063,"T":1601894050051,"e":"aggTrade","p":"0.00001862","f":7804043},{"m":true,"E":1601894050096,"l":7804045,"M":true,"q":"177.00000000","s":"LRCBTC","a":5858064,"T":1601894050095,"e":"aggTrade","p":"0.00001861","f":7804045},{"m":true,"E":1601894050126,"l":7804051,"M":true,"q":"1934.00000000","s":"LRCBTC","a":5858065,"T":1601894050124,"e":"aggTrade","p":"0.00001860","f":7804046},{"m":true,"E":1601894050154,"l":7804052,"M":true,"q":"8861.00000000","s":"LRCBTC","a":5858066,"T":1601894050153,"e":"aggTrade","p":"0.00001862","f":7804052},{"m":false,"E":1601894050524,"l":7804053,"M":true,"q":"18.00000000","s":"LRCBTC","a":5858067,"T":1601894050523,"e":"aggTrade","p":"0.00001867","f":7804053},{"m":false,"E":1601894050531,"l":7804054,"M":true,"q":"16.00000000","s":"LRCBTC","a":5858068,"T":1601894050529,"e":"aggTrade","p":"0.00001867","f":7804054},{"m":true,"E":1601894052144,"l":7804055,"M":true,"q":"2425.00000000","s":"LRCBTC","a":5858069,"T":1601894052143,"e":"aggTrade","p":"0.00001862","f":7804055},{"m":true,"E":1601894052211,"l":7804056,"M":true,"q":"480.00000000","s":"LRCBTC","a":5858070,"T":1601894052210,"e":"aggTrade","p":"0.00001861","f":7804056},{"m":true,"E":1601894053203,"l":7804057,"M":true,"q":"540.00000000","s":"LRCBTC","a":5858071,"T":1601894053202,"e":"aggTrade","p":"0.00001859","f":7804057},{"m":true,"E":1601894054506,"l":7804058,"M":true,"q":"33.00000000","s":"LRCBTC","a":5858072,"T":1601894054505,"e":"aggTrade","p":"0.00001859","f":7804058},{"m":true,"E":1601894054506,"l":7804061,"M":true,"q":"173.00000000","s":"LRCBTC","a":5858073,"T":1601894054505,"e":"aggTrade","p":"0.00001858","f":7804059},{"m":true,"E":1601894054506,"l":7804063,"M":true,"q":"14.00000000","s":"LRCBTC","a":5858074,"T":1601894054505,"e":"aggTrade","p":"0.00001856","f":7804062},{"m":true,"E":1601894055065,"l":7804067,"M":true,"q":"327.00000000","s":"LRCBTC","a":5858075,"T":1601894055064,"e":"aggTrade","p":"0.00001856","f":7804064},{"m":true,"E":1601894055097,"l":7804068,"M":true,"q":"21.00000000","s":"LRCBTC","a":5858076,"T":1601894055096,"e":"aggTrade","p":"0.00001856","f":7804068},{"m":true,"E":1601894055449,"l":7804069,"M":true,"q":"486.00000000","s":"LRCBTC","a":5858077,"T":1601894055448,"e":"aggTrade","p":"0.00001856","f":7804069},{"m":true,"E":1601894055456,"l":7804070,"M":true,"q":"433.00000000","s":"LRCBTC","a":5858078,"T":1601894055455,"e":"aggTrade","p":"0.00001856","f":7804070},{"m":true,"E":1601894055467,"l":7804071,"M":true,"q":"55.00000000","s":"LRCBTC","a":5858079,"T":1601894055465,"e":"aggTrade","p":"0.00001856","f":7804071},{"m":true,"E":1601894055469,"l":7804072,"M":true,"q":"81.00000000","s":"LRCBTC","a":5858080,"T":1601894055468,"e":"aggTrade","p":"0.00001856","f":7804072},{"m":true,"E":1601894055478,"l":7804073,"M":true,"q":"433.00000000","s":"LRCBTC","a":5858081,"T":1601894055477,"e":"aggTrade","p":"0.00001856","f":7804073},{"m":true,"E":1601894055540,"l":7804074,"M":true,"q":"83.00000000","s":"LRCBTC","a":5858082,"T":1601894055539,"e":"aggTrade","p":"0.00001856","f":7804074},{"m":true,"E":1601894055574,"l":7804075,"M":true,"q":"163.00000000","s":"LRCBTC","a":5858083,"T":1601894055573,"e":"aggTrade","p":"0.00001856","f":7804075},{"m":true,"E":1601894055608,"l":7804076,"M":true,"q":"28.00000000","s":"LRCBTC","a":5858084,"T":1601894055607,"e":"aggTrade","p":"0.00001856","f":7804076},{"m":true,"E":1601894055884,"l":7804077,"M":true,"q":"324.00000000","s":"LRCBTC","a":5858085,"T":1601894055883,"e":"aggTrade","p":"0.00001856","f":7804077},{"m":true,"E":1601894055957,"l":7804078,"M":true,"q":"163.00000000","s":"LRCBTC","a":5858086,"T":1601894055956,"e":"aggTrade","p":"0.00001856","f":7804078},{"m":false,"E":1601894063710,"l":7804081,"M":true,"q":"54.00000000","s":"LRCBTC","a":5858087,"T":1601894063709,"e":"aggTrade","p":"0.00001864","f":7804079},{"m":true,"E":1601894066556,"l":7804082,"M":true,"q":"9.00000000","s":"LRCBTC","a":5858088,"T":1601894066555,"e":"aggTrade","p":"0.00001856","f":7804082},{"m":false,"E":1601894066588,"l":7804083,"M":true,"q":"18.00000000","s":"LRCBTC","a":5858089,"T":1601894066587,"e":"aggTrade","p":"0.00001856","f":7804083},{"m":true,"E":1601894066594,"l":7804084,"M":true,"q":"8.00000000","s":"LRCBTC","a":5858090,"T":1601894066593,"e":"aggTrade","p":"0.00001855","f":7804084},{"m":true,"E":1601894066806,"l":7804087,"M":true,"q":"2500.00000000","s":"LRCBTC","a":5858091,"T":1601894066804,"e":"aggTrade","p":"0.00001854","f":7804085},{"m":true,"E":1601894066816,"l":7804089,"M":true,"q":"30.00000000","s":"LRCBTC","a":5858092,"T":1601894066812,"e":"aggTrade","p":"0.00001853","f":7804088},{"m":true,"E":1601894066827,"l":7804090,"M":true,"q":"19.00000000","s":"LRCBTC","a":5858093,"T":1601894066826,"e":"aggTrade","p":"0.00001852","f":7804090},{"m":true,"E":1601894066830,"l":7804091,"M":true,"q":"18.00000000","s":"LRCBTC","a":5858094,"T":1601894066828,"e":"aggTrade","p":"0.00001851","f":7804091},{"m":true,"E":1601894066830,"l":7804094,"M":true,"q":"2732.00000000","s":"LRCBTC","a":5858095,"T":1601894066828,"e":"aggTrade","p":"0.00001850","f":7804092},{"m":true,"E":1601894066846,"l":7804095,"M":true,"q":"1649.00000000","s":"LRCBTC","a":5858096,"T":1601894066845,"e":"aggTrade","p":"0.00001850","f":7804095},{"m":true,"E":1601894066847,"l":7804096,"M":true,"q":"1546.00000000","s":"LRCBTC","a":5858097,"T":1601894066845,"e":"aggTrade","p":"0.00001850","f":7804096},{"m":true,"E":1601894066847,"l":7804097,"M":true,"q":"10281.00000000","s":"LRCBTC","a":5858098,"T":1601894066846,"e":"aggTrade","p":"0.00001850","f":7804097},{"m":true,"E":1601894066848,"l":7804098,"M":true,"q":"923.00000000","s":"LRCBTC","a":5858099,"T":1601894066846,"e":"aggTrade","p":"0.00001850","f":7804098},{"m":true,"E":1601894066876,"l":7804099,"M":true,"q":"247.00000000","s":"LRCBTC","a":5858100,"T":1601894066874,"e":"aggTrade","p":"0.00001850","f":7804099},{"m":true,"E":1601894066876,"l":7804101,"M":true,"q":"98.00000000","s":"LRCBTC","a":5858101,"T":1601894066874,"e":"aggTrade","p":"0.00001849","f":7804100},{"m":true,"E":1601894066887,"l":7804102,"M":true,"q":"9.00000000","s":"LRCBTC","a":5858102,"T":1601894066886,"e":"aggTrade","p":"0.00001848","f":7804102},{"m":true,"E":1601894066899,"l":7804105,"M":true,"q":"6000.00000000","s":"LRCBTC","a":5858103,"T":1601894066898,"e":"aggTrade","p":"0.00001846","f":7804103},{"m":true,"E":1601894066953,"l":7804106,"M":true,"q":"11500.00000000","s":"LRCBTC","a":5858104,"T":1601894066952,"e":"aggTrade","p":"0.00001846","f":7804106},{"m":true,"E":1601894067026,"l":7804107,"M":true,"q":"98.00000000","s":"LRCBTC","a":5858105,"T":1601894067025,"e":"aggTrade","p":"0.00001847","f":7804107},{"m":true,"E":1601894067038,"l":7804108,"M":true,"q":"98.00000000","s":"LRCBTC","a":5858106,"T":1601894067037,"e":"aggTrade","p":"0.00001847","f":7804108},{"m":true,"E":1601894067780,"l":7804111,"M":true,"q":"98.00000000","s":"LRCBTC","a":5858107,"T":1601894067779,"e":"aggTrade","p":"0.00001845","f":7804109},{"m":false,"E":1601894068021,"l":7804112,"M":true,"q":"57.00000000","s":"LRCBTC","a":5858108,"T":1601894068020,"e":"aggTrade","p":"0.00001852","f":7804112},{"m":false,"E":1601894069022,"l":7804113,"M":true,"q":"10.00000000","s":"LRCBTC","a":5858109,"T":1601894069021,"e":"aggTrade","p":"0.00001852","f":7804113},{"m":true,"E":1601894070107,"l":7804115,"M":true,"q":"67.00000000","s":"LRCBTC","a":5858110,"T":1601894070106,"e":"aggTrade","p":"0.00001845","f":7804114},{"m":true,"E":1601894070107,"l":7804116,"M":true,"q":"13.00000000","s":"LRCBTC","a":5858111,"T":1601894070106,"e":"aggTrade","p":"0.00001844","f":7804116},{"m":true,"E":1601894073190,"l":7804117,"M":true,"q":"1451.00000000","s":"LRCBTC","a":5858112,"T":1601894073189,"e":"aggTrade","p":"0.00001844","f":7804117},{"m":true,"E":1601894073205,"l":7804118,"M":true,"q":"14.00000000","s":"LRCBTC","a":5858113,"T":1601894073204,"e":"aggTrade","p":"0.00001843","f":7804118},{"m":true,"E":1601894078015,"l":7804120,"M":true,"q":"2042.00000000","s":"LRCBTC","a":5858114,"T":1601894078014,"e":"aggTrade","p":"0.00001842","f":7804119},{"m":true,"E":1601894078088,"l":7804123,"M":true,"q":"94.00000000","s":"LRCBTC","a":5858115,"T":1601894078086,"e":"aggTrade","p":"0.00001841","f":7804121},{"m":true,"E":1601894078110,"l":7804125,"M":true,"q":"38.00000000","s":"LRCBTC","a":5858116,"T":1601894078108,"e":"aggTrade","p":"0.00001840","f":7804124},{"m":true,"E":1601894078120,"l":7804127,"M":true,"q":"17.00000000","s":"LRCBTC","a":5858117,"T":1601894078119,"e":"aggTrade","p":"0.00001839","f":7804126},{"m":true,"E":1601894078134,"l":7804128,"M":true,"q":"16.00000000","s":"LRCBTC","a":5858118,"T":1601894078133,"e":"aggTrade","p":"0.00001838","f":7804128},{"m":true,"E":1601894078219,"l":7804129,"M":true,"q":"17.00000000","s":"LRCBTC","a":5858119,"T":1601894078217,"e":"aggTrade","p":"0.00001842","f":7804129},{"m":true,"E":1601894078264,"l":7804130,"M":true,"q":"2500.00000000","s":"LRCBTC","a":5858120,"T":1601894078262,"e":"aggTrade","p":"0.00001842","f":7804130},{"m":true,"E":1601894078280,"l":7804131,"M":true,"q":"320.00000000","s":"LRCBTC","a":5858121,"T":1601894078269,"e":"aggTrade","p":"0.00001842","f":7804131},{"m":true,"E":1601894078283,"l":7804132,"M":true,"q":"2500.00000000","s":"LRCBTC","a":5858122,"T":1601894078271,"e":"aggTrade","p":"0.00001842","f":7804132},{"m":true,"E":1601894078342,"l":7804133,"M":true,"q":"1301.00000000","s":"LRCBTC","a":5858123,"T":1601894078340,"e":"aggTrade","p":"0.00001842","f":7804133},{"m":false,"E":1601894079019,"l":7804134,"M":true,"q":"12.00000000","s":"LRCBTC","a":5858124,"T":1601894079018,"e":"aggTrade","p":"0.00001845","f":7804134},{"m":true,"E":1601894079134,"l":7804135,"M":true,"q":"13.00000000","s":"LRCBTC","a":5858125,"T":1601894079133,"e":"aggTrade","p":"0.00001838","f":7804135},{"m":true,"E":1601894080051,"l":7804138,"M":true,"q":"128.00000000","s":"LRCBTC","a":5858126,"T":1601894080049,"e":"aggTrade","p":"0.00001837","f":7804136},{"m":true,"E":1601894080051,"l":7804139,"M":true,"q":"594.00000000","s":"LRCBTC","a":5858127,"T":1601894080049,"e":"aggTrade","p":"0.00001836","f":7804139},{"m":false,"E":1601894080369,"l":7804140,"M":true,"q":"2.00000000","s":"LRCBTC","a":5858128,"T":1601894080368,"e":"aggTrade","p":"0.00001845","f":7804140},{"m":false,"E":1601894080616,"l":7804141,"M":true,"q":"59.00000000","s":"LRCBTC","a":5858129,"T":1601894080615,"e":"aggTrade","p":"0.00001844","f":7804141},{"m":false,"E":1601894084319,"l":7804142,"M":true,"q":"507.00000000","s":"LRCBTC","a":5858130,"T":1601894084318,"e":"aggTrade","p":"0.00001844","f":7804142},{"m":false,"E":1601894084736,"l":7804143,"M":true,"q":"7934.00000000","s":"LRCBTC","a":5858131,"T":1601894084735,"e":"aggTrade","p":"0.00001844","f":7804143},{"m":false,"E":1601894084750,"l":7804144,"M":true,"q":"507.00000000","s":"LRCBTC","a":5858132,"T":1601894084748,"e":"aggTrade","p":"0.00001844","f":7804144},{"m":false,"E":1601894084763,"l":7804145,"M":true,"q":"18.00000000","s":"LRCBTC","a":5858133,"T":1601894084762,"e":"aggTrade","p":"0.00001845","f":7804145},{"m":false,"E":1601894088551,"l":7804146,"M":true,"q":"240.00000000","s":"LRCBTC","a":5858134,"T":1601894088549,"e":"aggTrade","p":"0.00001847","f":7804146},{"m":true,"E":1601894088811,"l":7804147,"M":true,"q":"60.00000000","s":"LRCBTC","a":5858135,"T":1601894088810,"e":"aggTrade","p":"0.00001843","f":7804147}]]},{"peak":"-16.22568973|1920,4.39846223|570,-4.55214585|540,6.52247764|630,-3.63556241|300,4.42877603|960,-7.19212937|2460,3.95793283|720,-18.74192715|1830,4.88245931|840,-3.82304053|240,3.83582662|1050,-8.38115575|1350,19.51154411|2880,-6.10189573|1320,11.67061611|2220,-4.29346022|750,13.44472723|2250,-3.55555556|450,3.47474747|540,-7.60504202|930,3.46638655|420,-8.99634835|390,7.28117738|2106,-4.67501620|285,9.15568992|941,-3.86274913|806","transactionList":[{},{},{},{},{},{},{},{},{},{},{},{},{},{},{},{},{},{},{},{},{},{},{},{},{},{},{}]},{"peak":"3.03265941|210,-11.53198653|1050,26.76767677|240,-15.31393568|150,11.56202144|120,-22.43697479|540,4.36974790|120,-5.25423729|540,4.74576271|690,-3.51758794|390,5.94639866|480,-4.54545455|150,4.21487603|270,-13.70604148|2160,6.31199279|1500,-33.52208381|1770,3.62400906|180,-5.90277778|240,5.90277778|210,-9.18854415|510,7.63723150|480,-8.54392298|690,49.09747292|510,-25.15151515|270,25.05050505|720,-11.83378500|300,6.41373080|120,-4.80427046|240,5.60498221|300,-6.74460432|510,8.27338129|690,-5.52147239|1050,11.56879930|930,-8.43270869|390,6.04770017|390,-7.42018982|1020,14.23641070|240,-4.74683544|480,3.95569620|660,-5.62700965|510,8.52090032|1140,-10.92851274|1650,4.02629417|630,-13.64452424|360,3.77019749|270,-4.14414414|450,4.32432432|1410,-5.56061987|297,12.03281677|687,-3.45117845|30,5.38720539|51,-3.81426202|70,5.72139303|138,-4.93827160|255,3.86831276|167,-8.14053128|348,-8.14053128|348,3.42759212|149","transactionList":[{},{},{},{},{},{},{},{},{},{},{},{},{},{},{},{},{},{},{},{},{},{},{},{},{},{},{},{},{},{},{},{},{},{},{},{},{},{},{},{},{},{},{},{},{},{},{},{},{},{},{},{},{},{},{},{},[{"m":true,"l":1358053,"M":true,"q":"999.00000000","a":865026,"T":1601883126521,"p":"0.00000584","f":1358051},{"m":true,"l":1358054,"M":true,"q":"34.00000000","a":865027,"T":1601883155204,"p":"0.00000585","f":1358054},{"m":true,"l":1358057,"M":true,"q":"8308.00000000","a":865028,"T":1601883155305,"p":"0.00000583","f":1358055},{"m":true,"l":1358058,"M":true,"q":"1000.00000000","a":865029,"T":1601883155546,"p":"0.00000583","f":1358058},{"m":true,"l":1358059,"M":true,"q":"581.00000000","a":865030,"T":1601883169096,"p":"0.00000583","f":1358059},{"m":true,"l":1358060,"M":true,"q":"2345.00000000","a":865031,"T":1601883172563,"p":"0.00000583","f":1358060},{"m":true,"l":1358061,"M":true,"q":"580.00000000","a":865032,"T":1601883177631,"p":"0.00000583","f":1358061},{"m":false,"l":1358062,"M":true,"q":"15488.00000000","a":865033,"T":1601883212843,"p":"0.00000584","f":1358062},{"m":true,"l":1358063,"M":true,"q":"43.00000000","a":865034,"T":1601883214317,"p":"0.00000583","f":1358063},{"m":false,"l":1358064,"M":true,"q":"72.00000000","a":865035,"T":1601883215922,"p":"0.00000584","f":1358064}],[{"m":false,"E":1601892109858,"l":1358561,"M":true,"q":"6400.00000000","s":"IRISBTC","a":865370,"T":1601892109857,"e":"aggTrade","p":"0.00000602","f":1358559},{"m":false,"E":1601892110173,"l":1358563,"M":true,"q":"2982.00000000","s":"IRISBTC","a":865371,"T":1601892110172,"e":"aggTrade","p":"0.00000602","f":1358562},{"m":false,"E":1601892110174,"l":1358564,"M":true,"q":"162.00000000","s":"IRISBTC","a":865372,"T":1601892110173,"e":"aggTrade","p":"0.00000602","f":1358564},{"m":false,"E":1601892143135,"l":1358567,"M":true,"q":"8082.00000000","s":"IRISBTC","a":865373,"T":1601892143134,"e":"aggTrade","p":"0.00000604","f":1358565},{"m":true,"E":1601892143143,"l":1358568,"M":true,"q":"8203.00000000","s":"IRISBTC","a":865374,"T":1601892143142,"e":"aggTrade","p":"0.00000603","f":1358568},{"m":false,"E":1601892147118,"l":1358569,"M":true,"q":"7.00000000","s":"IRISBTC","a":865375,"T":1601892147116,"e":"aggTrade","p":"0.00000604","f":1358569},{"m":false,"E":1601892162784,"l":1358570,"M":true,"q":"6.00000000","s":"IRISBTC","a":865376,"T":1601892162783,"e":"aggTrade","p":"0.00000604","f":1358570},{"m":false,"E":1601892181465,"l":1358571,"M":true,"q":"715.00000000","s":"IRISBTC","a":865377,"T":1601892181464,"e":"aggTrade","p":"0.00000604","f":1358571}]]},{"peak":"-20.78651685|2160,3.93258427|480,-5.11363636|570,7.52840909|420,-6.32022472|540,5.61797753|300,-6.21468927|930,4.51977401|450,-7.55813953|600,4.94186047|2010,-21.14093960|1710,5.53691275|600,-5.53691275|450,4.86577181|1080,-11.60714286|1440,11.96428571|1230,-5.55555556|660,6.73400673|150,-3.93442623|120,7.70491803|660,-8.77483444|1950,11.25827815|2250,-10.89108911|1080,5.28052805|1500,-13.52313167|1350,6.22775801|690,-8.34845735|390,5.62613430|270,-3.37477798|420,3.73001776|726,-4.47227191|282,7.15563506|39,-7.73381295|1563,3.23741007|472","transactionList":[{},{},{},{},{},{},{},{},{},{},{},{},{},{},{},{},{},{},{},{},{},{},{},{},{},{},{},{},{},{},{},{},{},{}]},{"peak":"-3.89688249|510,3.53717026|150,-12.07008436|2490,3.43932511|360,-3.97912590|570,3.32681018|930,-19.45701357|5070,8.97435897|2160,-8.81024096|1080,5.57228916|1140,-3.31613854|870,19.08621960|1620,-9.26301555|1500,7.23461799|720,-3.12093628|90,7.67230169|450,-11.96754564|2190,6.15280595|2070,-12.78735632|1650,8.54885057|480,-5.81232493|3666","transactionList":[{},{},{},{},{},{},{},{},{},{},{},{},{},{},{},{},{},{},{},{},{}]},{"peak":"-15.40755467|1620,5.36779324|210,-12.16931217|1170,13.96825397|690,-11.83800623|540,4.36137072|240,-4.25311203|450,7.57261411|2100,-4.22110553|180,4.02010050|330,-13.48684211|1380,5.92105263|180,-15.82733813|1140,4.67625899|840,-6.46341463|210,5.97560976|210,-5.20581114|60,4.60048426|810,-14.43708609|1110,12.18543046|1350,-4.56790123|690,9.62962963|1470,-10.17369727|1530,7.69230769|1650,-11.42490372|1770,8.98587933|2280,-11.12565445|570,5.23560209|690,-9.23913043|360,6.11413043|240,-7.28021978|2163,3.29670330|669,3.29670330|669,-3.15500686|1142","transactionList":[{},{},{},{},{},{},{},{},{},{},{},{},{},{},{},{},{},{},{},{},{},{},{},{},{},{},{},{},{},{},{},{},[{"m":true,"l":3329090,"M":true,"q":"703.00000000","a":1982385,"T":1601818901839,"p":"0.00000374","f":3329090},{"m":true,"l":3329091,"M":true,"q":"101.00000000","a":1982386,"T":1601818901839,"p":"0.00000374","f":3329091}],[{"m":true,"E":1601887472900,"l":3329600,"M":true,"q":"8785.00000000","s":"DUSKBTC","a":1982674,"T":1601887472898,"e":"aggTrade","p":"0.00000364","f":3329598},{"m":false,"E":1601887484514,"l":3329601,"M":true,"q":"2000.00000000","s":"DUSKBTC","a":1982675,"T":1601887484513,"e":"aggTrade","p":"0.00000365","f":3329601}]]},{"peak":"-9.58891787|2250,3.19330755|570,-3.35135135|2160,3.13513514|330,-7.91855204|3540,3.15799397|510,-8.30364212|1770,9.36262866|1890,-6.09697552|780,7.97887662|810,-3.78368402|1020,4.53119232|540,-10.05635445|5670,6.62650602|2040,-11.95674352|1740,3.87675984|1833","transactionList":[{},{},{},{},{},{},{},{},{},{},{},{},{},{},{},{}]},{"peak":"-10.64584812|3060,4.18736693|480,-3.16233310|420,6.32466620|1770,-6.62438337|1350,3.45313601|1680,-14.50858034|2580,15.83463339|810,-7.68672951|330,6.09137056|270,-9.34230194|1020,7.39910314|1260,-5.81737850|420,12.22385862|1590,-3.39213026|90,3.18860244|690,-6.14096301|570,17.30635031|3390,-10.22950820|1590,4.00000000|600,-12.64204545|660,3.48011364|630,-6.27279358|360,5.47045952|3854,5.47045952|3854","transactionList":[{},{},{},{},{},{},{},{},{},{},{},{},{},{},{},{},{},{},{},{},{},{},{},{},[{"m":false,"l":10387619,"M":true,"q":"207.00000000","a":7407335,"T":1601865782174,"p":"0.00000722","f":10387619},{"m":false,"l":10387620,"M":true,"q":"207.00000000","a":7407336,"T":1601865782195,"p":"0.00000722","f":10387620},{"m":false,"l":10387621,"M":true,"q":"1796.00000000","a":7407337,"T":1601865793184,"p":"0.00000722","f":10387621},{"m":false,"l":10387622,"M":true,"q":"1448.00000000","a":7407338,"T":1601865794198,"p":"0.00000722","f":10387622},{"m":false,"l":10387623,"M":true,"q":"4415.00000000","a":7407339,"T":1601865796532,"p":"0.00000722","f":10387623},{"m":false,"l":10387624,"M":true,"q":"2196.00000000","a":7407340,"T":1601865797140,"p":"0.00000722","f":10387624},{"m":false,"l":10387625,"M":true,"q":"1097.00000000","a":7407341,"T":1601865797339,"p":"0.00000722","f":10387625},{"m":false,"l":10387626,"M":true,"q":"548.00000000","a":7407342,"T":1601865797442,"p":"0.00000722","f":10387626},{"m":false,"l":10387627,"M":true,"q":"273.00000000","a":7407343,"T":1601865797637,"p":"0.00000722","f":10387627},{"m":false,"l":10387628,"M":true,"q":"1796.00000000","a":7407344,"T":1601865812200,"p":"0.00000722","f":10387628},{"m":false,"l":10387629,"M":true,"q":"1019.00000000","a":7407345,"T":1601865812213,"p":"0.00000722","f":10387629},{"m":false,"l":10387630,"M":true,"q":"508.00000000","a":7407346,"T":1601865812550,"p":"0.00000722","f":10387630},{"m":false,"l":10387631,"M":true,"q":"253.00000000","a":7407347,"T":1601865813147,"p":"0.00000722","f":10387631},{"m":false,"l":10387632,"M":true,"q":"1794.00000000","a":7407348,"T":1601865814163,"p":"0.00000722","f":10387632},{"m":false,"l":10387634,"M":true,"q":"1022.00000000","a":7407349,"T":1601865814281,"p":"0.00000722","f":10387633},{"m":false,"l":10387635,"M":true,"q":"1532.00000000","a":7407350,"T":1601865814344,"p":"0.00000722","f":10387635},{"m":false,"l":10387636,"M":true,"q":"765.00000000","a":7407351,"T":1601865814450,"p":"0.00000722","f":10387636},{"m":false,"l":10387637,"M":true,"q":"382.00000000","a":7407352,"T":1601865814552,"p":"0.00000722","f":10387637},{"m":false,"l":10387638,"M":true,"q":"191.00000000","a":7407353,"T":1601865814748,"p":"0.00000722","f":10387638},{"m":false,"l":10387640,"M":true,"q":"2072.00000000","a":7407354,"T":1601865816185,"p":"0.00000722","f":10387639},{"m":false,"l":10387641,"M":true,"q":"1024.00000000","a":7407355,"T":1601865816197,"p":"0.00000722","f":10387641},{"m":false,"l":10387642,"M":true,"q":"616.00000000","a":7407356,"T":1601865816650,"p":"0.00000722","f":10387642},{"m":false,"l":10387645,"M":true,"q":"306.00000000","a":7407357,"T":1601865817344,"p":"0.00000722","f":10387643},{"m":false,"l":10387646,"M":true,"q":"153.00000000","a":7407358,"T":1601865817445,"p":"0.00000722","f":10387646},{"m":false,"l":10387648,"M":true,"q":"2072.00000000","a":7407359,"T":1601865819125,"p":"0.00000722","f":10387647},{"m":false,"l":10387649,"M":true,"q":"187.00000000","a":7407360,"T":1601865819138,"p":"0.00000722","f":10387649},{"m":false,"l":10387650,"M":true,"q":"1017.00000000","a":7407361,"T":1601865819250,"p":"0.00000722","f":10387650},{"m":false,"l":10387651,"M":true,"q":"508.00000000","a":7407362,"T":1601865819346,"p":"0.00000722","f":10387651},{"m":false,"l":10387652,"M":true,"q":"254.00000000","a":7407363,"T":1601865819552,"p":"0.00000722","f":10387652},{"m":false,"l":10387653,"M":true,"q":"1796.00000000","a":7407364,"T":1601865821150,"p":"0.00000722","f":10387653},{"m":false,"l":10387654,"M":true,"q":"1023.00000000","a":7407365,"T":1601865821163,"p":"0.00000722","f":10387654},{"m":false,"l":10387655,"M":true,"q":"510.00000000","a":7407366,"T":1601865821649,"p":"0.00000722","f":10387655},{"m":false,"l":10387656,"M":true,"q":"255.00000000","a":7407367,"T":1601865821749,"p":"0.00000722","f":10387656},{"m":false,"l":10387657,"M":true,"q":"622.00000000","a":7407368,"T":1601865824148,"p":"0.00000722","f":10387657},{"m":false,"l":10387658,"M":true,"q":"436.00000000","a":7407369,"T":1601865824155,"p":"0.00000722","f":10387658},{"m":false,"l":10387659,"M":true,"q":"217.00000000","a":7407370,"T":1601865824355,"p":"0.00000722","f":10387659},{"m":false,"l":10387660,"M":true,"q":"1796.00000000","a":7407371,"T":1601865828191,"p":"0.00000722","f":10387660},{"m":false,"l":10387661,"M":true,"q":"1003.00000000","a":7407372,"T":1601865828203,"p":"0.00000722","f":10387661},{"m":false,"l":10387662,"M":true,"q":"501.00000000","a":7407373,"T":1601865828353,"p":"0.00000722","f":10387662},{"m":false,"l":10387677,"M":true,"q":"25225.00000000","a":7407374,"T":1601865828362,"p":"0.00000722","f":10387663},{"m":false,"l":10387691,"M":true,"q":"4648.00000000","a":7407375,"T":1601865828557,"p":"0.00000722","f":10387678},{"m":false,"l":10387696,"M":true,"q":"1012.00000000","a":7407376,"T":1601865828557,"p":"0.00000723","f":10387692},{"m":true,"l":10387697,"M":true,"q":"374.00000000","a":7407377,"T":1601865829858,"p":"0.00000722","f":10387697},{"m":true,"l":10387698,"M":true,"q":"168.00000000","a":7407378,"T":1601865831857,"p":"0.00000722","f":10387698},{"m":true,"l":10387699,"M":true,"q":"4933.00000000","a":7407379,"T":1601865831857,"p":"0.00000721","f":10387699},{"m":true,"l":10387700,"M":true,"q":"60.00000000","a":7407380,"T":1601865831857,"p":"0.00000721","f":10387700},{"m":true,"l":10387701,"M":true,"q":"55.00000000","a":7407381,"T":1601865831857,"p":"0.00000721","f":10387701},{"m":false,"l":10387702,"M":true,"q":"168.00000000","a":7407382,"T":1601865831962,"p":"0.00000723","f":10387702},{"m":false,"l":10387703,"M":true,"q":"374.00000000","a":7407383,"T":1601865832161,"p":"0.00000723","f":10387703},{"m":false,"l":10387704,"M":true,"q":"1284.00000000","a":7407384,"T":1601865844261,"p":"0.00000723","f":10387704},{"m":false,"l":10387713,"M":true,"q":"10201.00000000","a":7407385,"T":1601865846766,"p":"0.00000724","f":10387705},{"m":false,"l":10387714,"M":true,"q":"5093.00000000","a":7407386,"T":1601865846967,"p":"0.00000724","f":10387714},{"m":false,"l":10387715,"M":true,"q":"2540.00000000","a":7407387,"T":1601865847259,"p":"0.00000724","f":10387715},{"m":false,"l":10387716,"M":true,"q":"1269.00000000","a":7407388,"T":1601865847365,"p":"0.00000724","f":10387716},{"m":false,"l":10387717,"M":true,"q":"634.00000000","a":7407389,"T":1601865847465,"p":"0.00000724","f":10387717},{"m":false,"l":10387718,"M":true,"q":"317.00000000","a":7407390,"T":1601865847568,"p":"0.00000724","f":10387718},{"m":false,"l":10387719,"M":true,"q":"158.00000000","a":7407391,"T":1601865847866,"p":"0.00000724","f":10387719},{"m":true,"l":10387720,"M":true,"q":"178.00000000","a":7407392,"T":1601865868251,"p":"0.00000722","f":10387720},{"m":false,"l":10387721,"M":true,"q":"156.00000000","a":7407393,"T":1601865868259,"p":"0.00000723","f":10387721}]]},{"peak":"-14.52750353|2100,4.10593951|270,-6.68058455|780,8.60767625|390,-4.82021079|750,4.16924985|450,-12.24114896|2220,8.13293253|960,-19.73002959|2220,4.95562130|810,-5.71801080|210,10.46749860|600,-13.75143843|1830,7.74836977|1230,-3.12041116|300,5.98384728|90,-4.07354001|450,13.80677722|900,-6.72751859|720,5.24002705|240,-7.64177040|1110,10.11410788|1590,-4.54694682|540,4.20223244|720,-5.09933775|300,3.70860927|360,-3.94955194|810,8.76203120|270,-3.32650166|240,7.81964370|630,-8.71085678|570,3.09966619|180,-14.33104178|840,9.51877314|1929,-7.34277816|2194,-7.34277816|2194","transactionList":[{},{},{},{},{},{},{},{},{},{},{},{},{},{},{},{},{},{},{},{},{},{},{},{},{},{},{},{},{},{},{},{},{},{},{},[{"m":false,"l":10962098,"M":true,"q":"200.00000000","a":6590842,"T":1601878325372,"p":"0.00002898","f":10962098},{"m":true,"l":10962099,"M":true,"q":"50.00000000","a":6590843,"T":1601878327306,"p":"0.00002895","f":10962099},{"m":true,"l":10962100,"M":true,"q":"250.00000000","a":6590844,"T":1601878330507,"p":"0.00002898","f":10962100},{"m":true,"l":10962101,"M":true,"q":"25.00000000","a":6590845,"T":1601878394039,"p":"0.00002895","f":10962101},{"m":true,"l":10962102,"M":true,"q":"250.00000000","a":6590846,"T":1601878394039,"p":"0.00002894","f":10962102},{"m":true,"l":10962105,"M":true,"q":"262.00000000","a":6590847,"T":1601878394039,"p":"0.00002893","f":10962103},{"m":true,"l":10962107,"M":true,"q":"1454.00000000","a":6590848,"T":1601878394039,"p":"0.00002892","f":10962106},{"m":true,"l":10962112,"M":true,"q":"2336.00000000","a":6590849,"T":1601878412436,"p":"0.00002891","f":10962108},{"m":true,"l":10962113,"M":true,"q":"117.00000000","a":6590850,"T":1601878412436,"p":"0.00002891","f":10962113},{"m":false,"l":10962114,"M":true,"q":"250.00000000","a":6590851,"T":1601878417368,"p":"0.00002894","f":10962114},{"m":false,"l":10962115,"M":true,"q":"75.00000000","a":6590852,"T":1601878421980,"p":"0.00002897","f":10962115}]]},{"peak":"11.22971819|240,-9.13280268|270,3.26770004|60,-25.76530612|1620,5.05102041|480,-6.68393782|420,12.43523316|600,-4.37710438|180,14.71861472|450,-8.70556062|270,6.88240656|540,-16.20416254|1320,4.70763132|570,-3.27468231|150,13.24535679|390,-6.38200184|450,10.14692378|150,-3.53905913|330,15.40785498|180,-35.18705763|1410,13.34681496|1020,-9.68688845|180,8.21917808|720,-7.74476376|690,4.14028251|600,-7.81643974|960,15.83459405|570,-8.91417734|840,18.16026553|1890,-5.36997886|330,11.62790698|420,-16.40211640|300,17.28395062|630,-7.60517799|420,5.09708738|180,-11.64589600|1200,5.19982810|630,-3.46576500|210,22.14708369|240,-4.48300795|210,4.37454808|60,-16.45824929|1620,4.96167810|240,-27.86240786|1530,8.74692875|420,-3.99436090|855,3.66541353|231,-11.30171544|966,7.11402624|348,-3.51048269|249,9.84885422|885,-4.16088766|87,-3.33951763|29,3.15398887|38,3.15398887|38,-4.16861827|187,6.88524590|131,-3.53901996|80,3.67513612|1","transactionList":[{},{},{},{},{},{},{},{},{},{},{},{},{},{},{},{},{},{},{},{},{},{},{},{},{},{},{},{},{},{},{},{},{},{},{},{},{},{},{},{},{},{},{},{},{},{},{},{},{},{},{},{},{},{},[{"m":false,"l":8784159,"M":true,"q":"5287.00000000","a":6129530,"T":1601881742259,"p":"0.00001104","f":8784158},{"m":false,"l":8784160,"M":true,"q":"2499.00000000","a":6129531,"T":1601881742259,"p":"0.00001105","f":8784160},{"m":false,"l":8784162,"M":true,"q":"2300.00000000","a":6129532,"T":1601881742259,"p":"0.00001106","f":8784161},{"m":true,"l":8784163,"M":true,"q":"429.00000000","a":6129533,"T":1601881742351,"p":"0.00001106","f":8784163},{"m":true,"l":8784164,"M":true,"q":"3000.00000000","a":6129534,"T":1601881742532,"p":"0.00001106","f":8784164},{"m":true,"l":8784165,"M":true,"q":"3000.00000000","a":6129535,"T":1601881743056,"p":"0.00001106","f":8784165},{"m":false,"l":8784166,"M":true,"q":"50.00000000","a":6129536,"T":1601881759984,"p":"0.00001108","f":8784166},{"m":false,"l":8784168,"M":true,"q":"74.00000000","a":6129537,"T":1601881759984,"p":"0.00001109","f":8784167},{"m":false,"l":8784169,"M":true,"q":"4.00000000","a":6129538,"T":1601881763984,"p":"0.00001109","f":8784169},{"m":false,"l":8784173,"M":true,"q":"315.00000000","a":6129539,"T":1601881767110,"p":"0.00001110","f":8784170},{"m":false,"l":8784174,"M":true,"q":"27.00000000","a":6129540,"T":1601881767110,"p":"0.00001111","f":8784174},{"m":true,"l":8784176,"M":true,"q":"372.00000000","a":6129541,"T":1601881769126,"p":"0.00001109","f":8784175},{"m":false,"l":8784181,"M":true,"q":"13397.00000000","a":6129542,"T":1601881770953,"p":"0.00001111","f":8784177},{"m":true,"l":8784182,"M":true,"q":"34.00000000","a":6129543,"T":1601881770974,"p":"0.00001104","f":8784182},{"m":true,"l":8784183,"M":true,"q":"8031.00000000","a":6129544,"T":1601881774628,"p":"0.00001111","f":8784183},{"m":false,"l":8784184,"M":true,"q":"306.00000000","a":6129545,"T":1601881790651,"p":"0.00001111","f":8784184},{"m":false,"l":8784185,"M":true,"q":"2940.00000000","a":6129546,"T":1601881794244,"p":"0.00001111","f":8784185},{"m":true,"l":8784186,"M":true,"q":"222.00000000","a":6129547,"T":1601881794340,"p":"0.00001111","f":8784186},{"m":false,"l":8784187,"M":true,"q":"10.00000000","a":6129548,"T":1601881833850,"p":"0.00001112","f":8784187},{"m":false,"l":8784189,"M":true,"q":"35.00000000","a":6129549,"T":1601881859490,"p":"0.00001112","f":8784188}],[{"m":true,"E":1601893022154,"l":8784848,"M":true,"q":"4067.00000000","s":"ASTBTC","a":6129886,"T":1601893022151,"e":"aggTrade","p":"0.00001074","f":8784843},{"m":true,"E":1601893022154,"l":8784850,"M":true,"q":"2608.00000000","s":"ASTBTC","a":6129887,"T":1601893022151,"e":"aggTrade","p":"0.00001073","f":8784849},{"m":true,"E":1601893022154,"l":8784854,"M":true,"q":"6877.00000000","s":"ASTBTC","a":6129888,"T":1601893022151,"e":"aggTrade","p":"0.00001072","f":8784851},{"m":true,"E":1601893022154,"l":8784862,"M":true,"q":"6792.00000000","s":"ASTBTC","a":6129889,"T":1601893022151,"e":"aggTrade","p":"0.00001071","f":8784855},{"m":true,"E":1601893022154,"l":8784868,"M":true,"q":"5625.00000000","s":"ASTBTC","a":6129890,"T":1601893022151,"e":"aggTrade","p":"0.00001070","f":8784863},{"m":true,"E":1601893022156,"l":8784871,"M":true,"q":"1017.00000000","s":"ASTBTC","a":6129891,"T":1601893022151,"e":"aggTrade","p":"0.00001069","f":8784869},{"m":true,"E":1601893022156,"l":8784876,"M":true,"q":"804.00000000","s":"ASTBTC","a":6129892,"T":1601893022151,"e":"aggTrade","p":"0.00001068","f":8784872},{"m":true,"E":1601893022156,"l":8784882,"M":true,"q":"2481.00000000","s":"ASTBTC","a":6129893,"T":1601893022151,"e":"aggTrade","p":"0.00001067","f":8784877},{"m":true,"E":1601893022156,"l":8784890,"M":true,"q":"8250.00000000","s":"ASTBTC","a":6129894,"T":1601893022151,"e":"aggTrade","p":"0.00001066","f":8784883},{"m":true,"E":1601893022156,"l":8784896,"M":true,"q":"1009.00000000","s":"ASTBTC","a":6129895,"T":1601893022151,"e":"aggTrade","p":"0.00001065","f":8784891},{"m":true,"E":1601893022156,"l":8784897,"M":true,"q":"260.00000000","s":"ASTBTC","a":6129896,"T":1601893022151,"e":"aggTrade","p":"0.00001065","f":8784897},{"m":false,"E":1601893022235,"l":8784898,"M":true,"q":"6532.00000000","s":"ASTBTC","a":6129897,"T":1601893022234,"e":"aggTrade","p":"0.00001069","f":8784898},{"m":false,"E":1601893022340,"l":8784899,"M":true,"q":"1528.00000000","s":"ASTBTC","a":6129898,"T":1601893022339,"e":"aggTrade","p":"0.00001069","f":8784899},{"m":false,"E":1601893022340,"l":8784900,"M":true,"q":"6504.00000000","s":"ASTBTC","a":6129899,"T":1601893022339,"e":"aggTrade","p":"0.00001070","f":8784900},{"m":true,"E":1601893022693,"l":8784901,"M":true,"q":"900.00000000","s":"ASTBTC","a":6129900,"T":1601893022692,"e":"aggTrade","p":"0.00001069","f":8784901},{"m":false,"E":1601893022972,"l":8784902,"M":true,"q":"116.00000000","s":"ASTBTC","a":6129901,"T":1601893022971,"e":"aggTrade","p":"0.00001070","f":8784902},{"m":true,"E":1601893024368,"l":8784903,"M":true,"q":"12.00000000","s":"ASTBTC","a":6129902,"T":1601893024365,"e":"aggTrade","p":"0.00001067","f":8784903},{"m":true,"E":1601893024368,"l":8784904,"M":true,"q":"124.00000000","s":"ASTBTC","a":6129903,"T":1601893024365,"e":"aggTrade","p":"0.00001066","f":8784904},{"m":false,"E":1601893028598,"l":8784905,"M":true,"q":"13.00000000","s":"ASTBTC","a":6129904,"T":1601893028597,"e":"aggTrade","p":"0.00001070","f":8784905},{"m":true,"E":1601893030261,"l":8784906,"M":true,"q":"17.00000000","s":"ASTBTC","a":6129905,"T":1601893030259,"e":"aggTrade","p":"0.00001066","f":8784906},{"m":true,"E":1601893058827,"l":8784907,"M":true,"q":"934.00000000","s":"ASTBTC","a":6129906,"T":1601893058826,"e":"aggTrade","p":"0.00001069","f":8784907},{"m":true,"E":1601893058827,"l":8784908,"M":true,"q":"285.00000000","s":"ASTBTC","a":6129907,"T":1601893058826,"e":"aggTrade","p":"0.00001067","f":8784908},{"m":true,"E":1601893058827,"l":8784909,"M":true,"q":"1825.00000000","s":"ASTBTC","a":6129908,"T":1601893058826,"e":"aggTrade","p":"0.00001066","f":8784909}],[{"m":false,"E":1601900873104,"l":8786125,"M":true,"q":"259.00000000","s":"ASTBTC","a":6130615,"T":1601900873103,"e":"aggTrade","p":"0.00001132","f":8786124},{"m":false,"E":1601900873104,"l":8786126,"M":true,"q":"14545.00000000","s":"ASTBTC","a":6130616,"T":1601900873103,"e":"aggTrade","p":"0.00001133","f":8786126},{"m":false,"E":1601900873933,"l":8786127,"M":true,"q":"19.00000000","s":"ASTBTC","a":6130617,"T":1601900873932,"e":"aggTrade","p":"0.00001134","f":8786127},{"m":true,"E":1601900874515,"l":8786128,"M":true,"q":"26.00000000","s":"ASTBTC","a":6130618,"T":1601900874514,"e":"aggTrade","p":"0.00001134","f":8786128},{"m":true,"E":1601900874912,"l":8786129,"M":true,"q":"11056.00000000","s":"ASTBTC","a":6130619,"T":1601900874910,"e":"aggTrade","p":"0.00001133","f":8786129},{"m":true,"E":1601900874929,"l":8786132,"M":true,"q":"23461.00000000","s":"ASTBTC","a":6130620,"T":1601900874927,"e":"aggTrade","p":"0.00001133","f":8786130},{"m":false,"E":1601900875371,"l":8786136,"M":true,"q":"705.00000000","s":"ASTBTC","a":6130621,"T":1601900875369,"e":"aggTrade","p":"0.00001135","f":8786133},{"m":true,"E":1601900882004,"l":8786138,"M":true,"q":"68.00000000","s":"ASTBTC","a":6130622,"T":1601900882003,"e":"aggTrade","p":"0.00001127","f":8786137},{"m":true,"E":1601900883016,"l":8786139,"M":true,"q":"53.00000000","s":"ASTBTC","a":6130623,"T":1601900883015,"e":"aggTrade","p":"0.00001127","f":8786139},{"m":false,"E":1601900887550,"l":8786141,"M":true,"q":"81.00000000","s":"ASTBTC","a":6130624,"T":1601900887549,"e":"aggTrade","p":"0.00001134","f":8786140},{"m":true,"E":1601900889072,"l":8786142,"M":true,"q":"12.00000000","s":"ASTBTC","a":6130625,"T":1601900889071,"e":"aggTrade","p":"0.00001126","f":8786142},{"m":true,"E":1601900889241,"l":8786144,"M":true,"q":"12.00000000","s":"ASTBTC","a":6130626,"T":1601900889240,"e":"aggTrade","p":"0.00001124","f":8786143},{"m":false,"E":1601900893547,"l":8786145,"M":true,"q":"12.00000000","s":"ASTBTC","a":6130627,"T":1601900893546,"e":"aggTrade","p":"0.00001130","f":8786145},{"m":false,"E":1601900898886,"l":8786146,"M":true,"q":"36.00000000","s":"ASTBTC","a":6130628,"T":1601900898885,"e":"aggTrade","p":"0.00001134","f":8786146},{"m":false,"E":1601900900656,"l":8786147,"M":true,"q":"36.00000000","s":"ASTBTC","a":6130629,"T":1601900900654,"e":"aggTrade","p":"0.00001135","f":8786147},{"m":false,"E":1601900901163,"l":8786148,"M":true,"q":"31.00000000","s":"ASTBTC","a":6130630,"T":1601900901162,"e":"aggTrade","p":"0.00001135","f":8786148},{"m":true,"E":1601900902225,"l":8786149,"M":true,"q":"36.00000000","s":"ASTBTC","a":6130631,"T":1601900902224,"e":"aggTrade","p":"0.00001134","f":8786149},{"m":false,"E":1601900904368,"l":8786152,"M":true,"q":"3605.00000000","s":"ASTBTC","a":6130632,"T":1601900904364,"e":"aggTrade","p":"0.00001135","f":8786150},{"m":false,"E":1601900904368,"l":8786172,"M":true,"q":"443.00000000","s":"ASTBTC","a":6130633,"T":1601900904364,"e":"aggTrade","p":"0.00001136","f":8786153},{"m":false,"E":1601900904368,"l":8786173,"M":true,"q":"38.00000000","s":"ASTBTC","a":6130634,"T":1601900904364,"e":"aggTrade","p":"0.00001137","f":8786173},{"m":false,"E":1601900904368,"l":8786176,"M":true,"q":"576.00000000","s":"ASTBTC","a":6130635,"T":1601900904364,"e":"aggTrade","p":"0.00001138","f":8786174},{"m":false,"E":1601900904368,"l":8786178,"M":true,"q":"72.00000000","s":"ASTBTC","a":6130636,"T":1601900904364,"e":"aggTrade","p":"0.00001139","f":8786177},{"m":false,"E":1601900904368,"l":8786180,"M":true,"q":"2320.00000000","s":"ASTBTC","a":6130637,"T":1601900904364,"e":"aggTrade","p":"0.00001140","f":8786179},{"m":false,"E":1601900905794,"l":8786182,"M":true,"q":"920.00000000","s":"ASTBTC","a":6130638,"T":1601900905792,"e":"aggTrade","p":"0.00001138","f":8786181},{"m":false,"E":1601900905794,"l":8786183,"M":true,"q":"380.00000000","s":"ASTBTC","a":6130639,"T":1601900905792,"e":"aggTrade","p":"0.00001139","f":8786183},{"m":false,"E":1601900908883,"l":8786184,"M":true,"q":"1714.00000000","s":"ASTBTC","a":6130640,"T":1601900908880,"e":"aggTrade","p":"0.00001140","f":8786184},{"m":false,"E":1601900908883,"l":8786185,"M":true,"q":"48.00000000","s":"ASTBTC","a":6130641,"T":1601900908880,"e":"aggTrade","p":"0.00001141","f":8786185},{"m":false,"E":1601900908883,"l":8786186,"M":true,"q":"2328.00000000","s":"ASTBTC","a":6130642,"T":1601900908880,"e":"aggTrade","p":"0.00001142","f":8786186},{"m":false,"E":1601900908883,"l":8786191,"M":true,"q":"15169.00000000","s":"ASTBTC","a":6130643,"T":1601900908880,"e":"aggTrade","p":"0.00001143","f":8786187},{"m":false,"E":1601900908883,"l":8786194,"M":true,"q":"419.00000000","s":"ASTBTC","a":6130644,"T":1601900908880,"e":"aggTrade","p":"0.00001144","f":8786192},{"m":false,"E":1601900908883,"l":8786198,"M":true,"q":"2250.00000000","s":"ASTBTC","a":6130645,"T":1601900908880,"e":"aggTrade","p":"0.00001145","f":8786195},{"m":true,"E":1601900909085,"l":8786199,"M":true,"q":"16450.00000000","s":"ASTBTC","a":6130646,"T":1601900909084,"e":"aggTrade","p":"0.00001140","f":8786199},{"m":true,"E":1601900909191,"l":8786200,"M":true,"q":"1528.00000000","s":"ASTBTC","a":6130647,"T":1601900909189,"e":"aggTrade","p":"0.00001141","f":8786200},{"m":true,"E":1601900909191,"l":8786201,"M":true,"q":"27.00000000","s":"ASTBTC","a":6130648,"T":1601900909189,"e":"aggTrade","p":"0.00001139","f":8786201},{"m":true,"E":1601900909280,"l":8786202,"M":true,"q":"10.00000000","s":"ASTBTC","a":6130649,"T":1601900909279,"e":"aggTrade","p":"0.00001134","f":8786202},{"m":true,"E":1601900909685,"l":8786204,"M":true,"q":"442.00000000","s":"ASTBTC","a":6130650,"T":1601900909684,"e":"aggTrade","p":"0.00001133","f":8786203},{"m":true,"E":1601900910379,"l":8786205,"M":true,"q":"250.00000000","s":"ASTBTC","a":6130651,"T":1601900910378,"e":"aggTrade","p":"0.00001131","f":8786205},{"m":false,"E":1601900910948,"l":8786206,"M":true,"q":"10.00000000","s":"ASTBTC","a":6130652,"T":1601900910947,"e":"aggTrade","p":"0.00001138","f":8786206},{"m":true,"E":1601900911300,"l":8786207,"M":true,"q":"37.00000000","s":"ASTBTC","a":6130653,"T":1601900911298,"e":"aggTrade","p":"0.00001138","f":8786207},{"m":true,"E":1601900911312,"l":8786208,"M":true,"q":"41.00000000","s":"ASTBTC","a":6130654,"T":1601900911312,"e":"aggTrade","p":"0.00001138","f":8786208},{"m":false,"E":1601900912624,"l":8786209,"M":true,"q":"175.00000000","s":"ASTBTC","a":6130655,"T":1601900912623,"e":"aggTrade","p":"0.00001142","f":8786209},{"m":true,"E":1601900915494,"l":8786210,"M":true,"q":"19.00000000","s":"ASTBTC","a":6130656,"T":1601900915492,"e":"aggTrade","p":"0.00001138","f":8786210},{"m":true,"E":1601900915494,"l":8786211,"M":true,"q":"88.00000000","s":"ASTBTC","a":6130657,"T":1601900915492,"e":"aggTrade","p":"0.00001137","f":8786211},{"m":true,"E":1601900920437,"l":8786212,"M":true,"q":"315.00000000","s":"ASTBTC","a":6130658,"T":1601900920436,"e":"aggTrade","p":"0.00001133","f":8786212},{"m":true,"E":1601900921795,"l":8786214,"M":true,"q":"1000.00000000","s":"ASTBTC","a":6130659,"T":1601900921793,"e":"aggTrade","p":"0.00001133","f":8786213},{"m":true,"E":1601900922031,"l":8786215,"M":true,"q":"140.00000000","s":"ASTBTC","a":6130660,"T":1601900922030,"e":"aggTrade","p":"0.00001133","f":8786215},{"m":true,"E":1601900924741,"l":8786216,"M":true,"q":"32.00000000","s":"ASTBTC","a":6130661,"T":1601900924740,"e":"aggTrade","p":"0.00001133","f":8786216},{"m":true,"E":1601900925540,"l":8786217,"M":true,"q":"44.00000000","s":"ASTBTC","a":6130662,"T":1601900925538,"e":"aggTrade","p":"0.00001133","f":8786217},{"m":true,"E":1601900927224,"l":8786218,"M":true,"q":"176.00000000","s":"ASTBTC","a":6130663,"T":1601900927223,"e":"aggTrade","p":"0.00001133","f":8786218},{"m":true,"E":1601900927864,"l":8786219,"M":true,"q":"1528.00000000","s":"ASTBTC","a":6130664,"T":1601900927863,"e":"aggTrade","p":"0.00001133","f":8786219},{"m":true,"E":1601900927864,"l":8786222,"M":true,"q":"4351.00000000","s":"ASTBTC","a":6130665,"T":1601900927863,"e":"aggTrade","p":"0.00001132","f":8786220},{"m":true,"E":1601900927864,"l":8786223,"M":true,"q":"3721.00000000","s":"ASTBTC","a":6130666,"T":1601900927863,"e":"aggTrade","p":"0.00001131","f":8786223},{"m":false,"E":1601900928699,"l":8786224,"M":true,"q":"316.00000000","s":"ASTBTC","a":6130667,"T":1601900928695,"e":"aggTrade","p":"0.00001136","f":8786224},{"m":false,"E":1601900928699,"l":8786226,"M":true,"q":"267.00000000","s":"ASTBTC","a":6130668,"T":1601900928695,"e":"aggTrade","p":"0.00001140","f":8786225},{"m":false,"E":1601900928699,"l":8786228,"M":true,"q":"298.00000000","s":"ASTBTC","a":6130669,"T":1601900928695,"e":"aggTrade","p":"0.00001141","f":8786227},{"m":false,"E":1601900928699,"l":8786230,"M":true,"q":"1555.00000000","s":"ASTBTC","a":6130670,"T":1601900928695,"e":"aggTrade","p":"0.00001144","f":8786229},{"m":false,"E":1601900928699,"l":8786232,"M":true,"q":"2088.00000000","s":"ASTBTC","a":6130671,"T":1601900928695,"e":"aggTrade","p":"0.00001145","f":8786231},{"m":false,"E":1601900928699,"l":8786235,"M":true,"q":"2643.00000000","s":"ASTBTC","a":6130672,"T":1601900928695,"e":"aggTrade","p":"0.00001146","f":8786233},{"m":false,"E":1601900928699,"l":8786238,"M":true,"q":"114.00000000","s":"ASTBTC","a":6130673,"T":1601900928695,"e":"aggTrade","p":"0.00001147","f":8786236},{"m":true,"E":1601900930303,"l":8786239,"M":true,"q":"89.00000000","s":"ASTBTC","a":6130674,"T":1601900930301,"e":"aggTrade","p":"0.00001136","f":8786239},{"m":true,"E":1601900930303,"l":8786240,"M":true,"q":"100.00000000","s":"ASTBTC","a":6130675,"T":1601900930301,"e":"aggTrade","p":"0.00001135","f":8786240},{"m":false,"E":1601900931237,"l":8786241,"M":true,"q":"22.00000000","s":"ASTBTC","a":6130676,"T":1601900931236,"e":"aggTrade","p":"0.00001143","f":8786241},{"m":false,"E":1601900931237,"l":8786242,"M":true,"q":"5.00000000","s":"ASTBTC","a":6130677,"T":1601900931236,"e":"aggTrade","p":"0.00001146","f":8786242},{"m":true,"E":1601900936372,"l":8786243,"M":true,"q":"48.00000000","s":"ASTBTC","a":6130678,"T":1601900936370,"e":"aggTrade","p":"0.00001139","f":8786243},{"m":true,"E":1601900936372,"l":8786244,"M":true,"q":"19.00000000","s":"ASTBTC","a":6130679,"T":1601900936370,"e":"aggTrade","p":"0.00001138","f":8786244},{"m":true,"E":1601900936372,"l":8786245,"M":true,"q":"37.00000000","s":"ASTBTC","a":6130680,"T":1601900936370,"e":"aggTrade","p":"0.00001137","f":8786245},{"m":true,"E":1601900936372,"l":8786246,"M":true,"q":"317.00000000","s":"ASTBTC","a":6130681,"T":1601900936370,"e":"aggTrade","p":"0.00001136","f":8786246},{"m":true,"E":1601900939579,"l":8786247,"M":true,"q":"1000.00000000","s":"ASTBTC","a":6130682,"T":1601900939578,"e":"aggTrade","p":"0.00001136","f":8786247},{"m":true,"E":1601900942061,"l":8786248,"M":true,"q":"45.00000000","s":"ASTBTC","a":6130683,"T":1601900942060,"e":"aggTrade","p":"0.00001136","f":8786248},{"m":false,"E":1601900944435,"l":8786249,"M":true,"q":"35.00000000","s":"ASTBTC","a":6130684,"T":1601900944434,"e":"aggTrade","p":"0.00001142","f":8786249},{"m":true,"E":1601900945071,"l":8786250,"M":true,"q":"222.00000000","s":"ASTBTC","a":6130685,"T":1601900945069,"e":"aggTrade","p":"0.00001135","f":8786250},{"m":true,"E":1601900946307,"l":8786251,"M":true,"q":"2178.00000000","s":"ASTBTC","a":6130686,"T":1601900946305,"e":"aggTrade","p":"0.00001135","f":8786251},{"m":false,"E":1601900946558,"l":8786253,"M":true,"q":"36.00000000","s":"ASTBTC","a":6130687,"T":1601900946556,"e":"aggTrade","p":"0.00001142","f":8786252},{"m":false,"E":1601900950998,"l":8786254,"M":true,"q":"36.00000000","s":"ASTBTC","a":6130688,"T":1601900950997,"e":"aggTrade","p":"0.00001142","f":8786254},{"m":true,"E":1601900952320,"l":8786255,"M":true,"q":"185.00000000","s":"ASTBTC","a":6130689,"T":1601900952319,"e":"aggTrade","p":"0.00001133","f":8786255},{"m":true,"E":1601900953811,"l":8786256,"M":true,"q":"475.00000000","s":"ASTBTC","a":6130690,"T":1601900953810,"e":"aggTrade","p":"0.00001135","f":8786256},{"m":true,"E":1601900957062,"l":8786259,"M":true,"q":"176.00000000","s":"ASTBTC","a":6130691,"T":1601900957061,"e":"aggTrade","p":"0.00001133","f":8786257},{"m":true,"E":1601900958214,"l":8786260,"M":true,"q":"290.00000000","s":"ASTBTC","a":6130692,"T":1601900958213,"e":"aggTrade","p":"0.00001136","f":8786260},{"m":false,"E":1601900964293,"l":8786261,"M":true,"q":"84.00000000","s":"ASTBTC","a":6130693,"T":1601900964292,"e":"aggTrade","p":"0.00001137","f":8786261},{"m":true,"E":1601900972104,"l":8786262,"M":true,"q":"140.00000000","s":"ASTBTC","a":6130694,"T":1601900972103,"e":"aggTrade","p":"0.00001133","f":8786262},{"m":true,"E":1601900972522,"l":8786264,"M":true,"q":"3810.00000000","s":"ASTBTC","a":6130695,"T":1601900972520,"e":"aggTrade","p":"0.00001133","f":8786263},{"m":true,"E":1601900973823,"l":8786266,"M":true,"q":"49.00000000","s":"ASTBTC","a":6130696,"T":1601900973822,"e":"aggTrade","p":"0.00001132","f":8786265},{"m":true,"E":1601900973823,"l":8786269,"M":true,"q":"135.00000000","s":"ASTBTC","a":6130697,"T":1601900973822,"e":"aggTrade","p":"0.00001131","f":8786267},{"m":true,"E":1601900977377,"l":8786271,"M":true,"q":"421.00000000","s":"ASTBTC","a":6130698,"T":1601900977376,"e":"aggTrade","p":"0.00001130","f":8786270},{"m":false,"E":1601900977737,"l":8786272,"M":true,"q":"127.00000000","s":"ASTBTC","a":6130699,"T":1601900977736,"e":"aggTrade","p":"0.00001135","f":8786272},{"m":true,"E":1601900978825,"l":8786273,"M":true,"q":"150.00000000","s":"ASTBTC","a":6130700,"T":1601900978824,"e":"aggTrade","p":"0.00001131","f":8786273},{"m":true,"E":1601900987273,"l":8786274,"M":true,"q":"176.00000000","s":"ASTBTC","a":6130701,"T":1601900987272,"e":"aggTrade","p":"0.00001130","f":8786274}],[{"m":false,"E":1601905765432,"l":8787155,"M":true,"q":"100.00000000","s":"ASTBTC","a":6131132,"T":1601905765430,"e":"aggTrade","p":"0.00001104","f":8787155},{"m":false,"E":1601905765444,"l":8787156,"M":true,"q":"699.00000000","s":"ASTBTC","a":6131133,"T":1601905765443,"e":"aggTrade","p":"0.00001104","f":8787156},{"m":false,"E":1601905777232,"l":8787157,"M":true,"q":"10.00000000","s":"ASTBTC","a":6131134,"T":1601905777231,"e":"aggTrade","p":"0.00001105","f":8787157},{"m":true,"E":1601905790822,"l":8787160,"M":true,"q":"406.00000000","s":"ASTBTC","a":6131135,"T":1601905790820,"e":"aggTrade","p":"0.00001101","f":8787158},{"m":true,"E":1601905790822,"l":8787161,"M":true,"q":"439.00000000","s":"ASTBTC","a":6131136,"T":1601905790820,"e":"aggTrade","p":"0.00001100","f":8787161},{"m":false,"E":1601905819593,"l":8787162,"M":true,"q":"5100.00000000","s":"ASTBTC","a":6131137,"T":1601905819589,"e":"aggTrade","p":"0.00001106","f":8787162},{"m":false,"E":1601905819593,"l":8787163,"M":true,"q":"1528.00000000","s":"ASTBTC","a":6131138,"T":1601905819589,"e":"aggTrade","p":"0.00001107","f":8787163},{"m":false,"E":1601905819593,"l":8787165,"M":true,"q":"8533.00000000","s":"ASTBTC","a":6131139,"T":1601905819589,"e":"aggTrade","p":"0.00001108","f":8787164},{"m":false,"E":1601905819593,"l":8787166,"M":true,"q":"50.00000000","s":"ASTBTC","a":6131140,"T":1601905819589,"e":"aggTrade","p":"0.00001109","f":8787166},{"m":false,"E":1601905819593,"l":8787170,"M":true,"q":"1903.00000000","s":"ASTBTC","a":6131141,"T":1601905819589,"e":"aggTrade","p":"0.00001110","f":8787167},{"m":false,"E":1601905819593,"l":8787173,"M":true,"q":"110.00000000","s":"ASTBTC","a":6131142,"T":1601905819589,"e":"aggTrade","p":"0.00001111","f":8787171},{"m":false,"E":1601905819593,"l":8787177,"M":true,"q":"101.00000000","s":"ASTBTC","a":6131143,"T":1601905819589,"e":"aggTrade","p":"0.00001112","f":8787174},{"m":false,"E":1601905819593,"l":8787179,"M":true,"q":"230.00000000","s":"ASTBTC","a":6131144,"T":1601905819589,"e":"aggTrade","p":"0.00001113","f":8787178},{"m":false,"E":1601905819593,"l":8787182,"M":true,"q":"2124.00000000","s":"ASTBTC","a":6131145,"T":1601905819589,"e":"aggTrade","p":"0.00001114","f":8787180},{"m":false,"E":1601905819593,"l":8787186,"M":true,"q":"606.00000000","s":"ASTBTC","a":6131146,"T":1601905819589,"e":"aggTrade","p":"0.00001115","f":8787183},{"m":false,"E":1601905819593,"l":8787187,"M":true,"q":"50.00000000","s":"ASTBTC","a":6131147,"T":1601905819589,"e":"aggTrade","p":"0.00001116","f":8787187},{"m":false,"E":1601905819593,"l":8787193,"M":true,"q":"4398.00000000","s":"ASTBTC","a":6131148,"T":1601905819589,"e":"aggTrade","p":"0.00001117","f":8787188},{"m":false,"E":1601905822833,"l":8787194,"M":true,"q":"5100.00000000","s":"ASTBTC","a":6131149,"T":1601905822831,"e":"aggTrade","p":"0.00001110","f":8787194},{"m":false,"E":1601905822833,"l":8787195,"M":true,"q":"1528.00000000","s":"ASTBTC","a":6131150,"T":1601905822831,"e":"aggTrade","p":"0.00001111","f":8787195},{"m":false,"E":1601905822833,"l":8787196,"M":true,"q":"22.00000000","s":"ASTBTC","a":6131151,"T":1601905822831,"e":"aggTrade","p":"0.00001113","f":8787196},{"m":false,"E":1601905822833,"l":8787197,"M":true,"q":"22.00000000","s":"ASTBTC","a":6131152,"T":1601905822831,"e":"aggTrade","p":"0.00001114","f":8787197},{"m":false,"E":1601905822833,"l":8787198,"M":true,"q":"27.00000000","s":"ASTBTC","a":6131153,"T":1601905822831,"e":"aggTrade","p":"0.00001116","f":8787198},{"m":false,"E":1601905822833,"l":8787200,"M":true,"q":"17921.00000000","s":"ASTBTC","a":6131154,"T":1601905822831,"e":"aggTrade","p":"0.00001117","f":8787199}],[{"m":false,"E":1601905819593,"l":8787162,"M":true,"q":"5100.00000000","s":"ASTBTC","a":6131137,"T":1601905819589,"e":"aggTrade","p":"0.00001106","f":8787162},{"m":false,"E":1601905819593,"l":8787163,"M":true,"q":"1528.00000000","s":"ASTBTC","a":6131138,"T":1601905819589,"e":"aggTrade","p":"0.00001107","f":8787163},{"m":false,"E":1601905819593,"l":8787165,"M":true,"q":"8533.00000000","s":"ASTBTC","a":6131139,"T":1601905819589,"e":"aggTrade","p":"0.00001108","f":8787164},{"m":false,"E":1601905819593,"l":8787166,"M":true,"q":"50.00000000","s":"ASTBTC","a":6131140,"T":1601905819589,"e":"aggTrade","p":"0.00001109","f":8787166},{"m":false,"E":1601905819593,"l":8787170,"M":true,"q":"1903.00000000","s":"ASTBTC","a":6131141,"T":1601905819589,"e":"aggTrade","p":"0.00001110","f":8787167},{"m":false,"E":1601905819593,"l":8787173,"M":true,"q":"110.00000000","s":"ASTBTC","a":6131142,"T":1601905819589,"e":"aggTrade","p":"0.00001111","f":8787171},{"m":false,"E":1601905819593,"l":8787177,"M":true,"q":"101.00000000","s":"ASTBTC","a":6131143,"T":1601905819589,"e":"aggTrade","p":"0.00001112","f":8787174},{"m":false,"E":1601905819593,"l":8787179,"M":true,"q":"230.00000000","s":"ASTBTC","a":6131144,"T":1601905819589,"e":"aggTrade","p":"0.00001113","f":8787178},{"m":false,"E":1601905819593,"l":8787182,"M":true,"q":"2124.00000000","s":"ASTBTC","a":6131145,"T":1601905819589,"e":"aggTrade","p":"0.00001114","f":8787180},{"m":false,"E":1601905819593,"l":8787186,"M":true,"q":"606.00000000","s":"ASTBTC","a":6131146,"T":1601905819589,"e":"aggTrade","p":"0.00001115","f":8787183},{"m":false,"E":1601905819593,"l":8787187,"M":true,"q":"50.00000000","s":"ASTBTC","a":6131147,"T":1601905819589,"e":"aggTrade","p":"0.00001116","f":8787187},{"m":false,"E":1601905819593,"l":8787193,"M":true,"q":"4398.00000000","s":"ASTBTC","a":6131148,"T":1601905819589,"e":"aggTrade","p":"0.00001117","f":8787188},{"m":false,"E":1601905822833,"l":8787194,"M":true,"q":"5100.00000000","s":"ASTBTC","a":6131149,"T":1601905822831,"e":"aggTrade","p":"0.00001110","f":8787194},{"m":false,"E":1601905822833,"l":8787195,"M":true,"q":"1528.00000000","s":"ASTBTC","a":6131150,"T":1601905822831,"e":"aggTrade","p":"0.00001111","f":8787195},{"m":false,"E":1601905822833,"l":8787196,"M":true,"q":"22.00000000","s":"ASTBTC","a":6131151,"T":1601905822831,"e":"aggTrade","p":"0.00001113","f":8787196},{"m":false,"E":1601905822833,"l":8787197,"M":true,"q":"22.00000000","s":"ASTBTC","a":6131152,"T":1601905822831,"e":"aggTrade","p":"0.00001114","f":8787197},{"m":false,"E":1601905822833,"l":8787198,"M":true,"q":"27.00000000","s":"ASTBTC","a":6131153,"T":1601905822831,"e":"aggTrade","p":"0.00001116","f":8787198},{"m":false,"E":1601905822833,"l":8787200,"M":true,"q":"17921.00000000","s":"ASTBTC","a":6131154,"T":1601905822831,"e":"aggTrade","p":"0.00001117","f":8787199},{"m":false,"E":1601905826394,"l":8787201,"M":true,"q":"5100.00000000","s":"ASTBTC","a":6131155,"T":1601905826392,"e":"aggTrade","p":"0.00001111","f":8787201},{"m":true,"E":1601905826635,"l":8787203,"M":true,"q":"10000.00000000","s":"ASTBTC","a":6131156,"T":1601905826634,"e":"aggTrade","p":"0.00001110","f":8787202},{"m":true,"E":1601905826679,"l":8787204,"M":true,"q":"1528.00000000","s":"ASTBTC","a":6131157,"T":1601905826678,"e":"aggTrade","p":"0.00001111","f":8787204},{"m":true,"E":1601905826679,"l":8787205,"M":true,"q":"2857.00000000","s":"ASTBTC","a":6131158,"T":1601905826678,"e":"aggTrade","p":"0.00001110","f":8787205},{"m":true,"E":1601905827393,"l":8787206,"M":true,"q":"96.00000000","s":"ASTBTC","a":6131159,"T":1601905827392,"e":"aggTrade","p":"0.00001111","f":8787206},{"m":true,"E":1601905832396,"l":8787207,"M":true,"q":"49.00000000","s":"ASTBTC","a":6131160,"T":1601905832394,"e":"aggTrade","p":"0.00001109","f":8787207},{"m":false,"E":1601905860995,"l":8787208,"M":true,"q":"5100.00000000","s":"ASTBTC","a":6131161,"T":1601905860990,"e":"aggTrade","p":"0.00001112","f":8787208},{"m":false,"E":1601905860995,"l":8787209,"M":true,"q":"1528.00000000","s":"ASTBTC","a":6131162,"T":1601905860990,"e":"aggTrade","p":"0.00001113","f":8787209},{"m":false,"E":1601905860995,"l":8787210,"M":true,"q":"2353.00000000","s":"ASTBTC","a":6131163,"T":1601905860990,"e":"aggTrade","p":"0.00001114","f":8787210},{"m":false,"E":1601905860995,"l":8787211,"M":true,"q":"12792.00000000","s":"ASTBTC","a":6131164,"T":1601905860990,"e":"aggTrade","p":"0.00001116","f":8787211},{"m":false,"E":1601905860995,"l":8787213,"M":true,"q":"68.00000000","s":"ASTBTC","a":6131165,"T":1601905860990,"e":"aggTrade","p":"0.00001117","f":8787212},{"m":false,"E":1601905860995,"l":8787214,"M":true,"q":"50.00000000","s":"ASTBTC","a":6131166,"T":1601905860990,"e":"aggTrade","p":"0.00001118","f":8787214},{"m":false,"E":1601905860995,"l":8787215,"M":true,"q":"50.00000000","s":"ASTBTC","a":6131167,"T":1601905860990,"e":"aggTrade","p":"0.00001119","f":8787215},{"m":false,"E":1601905860995,"l":8787217,"M":true,"q":"90.00000000","s":"ASTBTC","a":6131168,"T":1601905860990,"e":"aggTrade","p":"0.00001120","f":8787216},{"m":false,"E":1601905860995,"l":8787218,"M":true,"q":"50.00000000","s":"ASTBTC","a":6131169,"T":1601905860990,"e":"aggTrade","p":"0.00001121","f":8787218},{"m":false,"E":1601905860995,"l":8787219,"M":true,"q":"50.00000000","s":"ASTBTC","a":6131170,"T":1601905860990,"e":"aggTrade","p":"0.00001122","f":8787219},{"m":false,"E":1601905860995,"l":8787223,"M":true,"q":"155.00000000","s":"ASTBTC","a":6131171,"T":1601905860990,"e":"aggTrade","p":"0.00001123","f":8787220},{"m":false,"E":1601905860995,"l":8787226,"M":true,"q":"252.00000000","s":"ASTBTC","a":6131172,"T":1601905860990,"e":"aggTrade","p":"0.00001124","f":8787224},{"m":false,"E":1601905860995,"l":8787227,"M":true,"q":"50.00000000","s":"ASTBTC","a":6131173,"T":1601905860990,"e":"aggTrade","p":"0.00001125","f":8787227},{"m":false,"E":1601905860995,"l":8787231,"M":true,"q":"2013.00000000","s":"ASTBTC","a":6131174,"T":1601905860990,"e":"aggTrade","p":"0.00001126","f":8787228},{"m":false,"E":1601905860995,"l":8787234,"M":true,"q":"939.00000000","s":"ASTBTC","a":6131175,"T":1601905860990,"e":"aggTrade","p":"0.00001127","f":8787232},{"m":false,"E":1601905860995,"l":8787235,"M":true,"q":"19.00000000","s":"ASTBTC","a":6131176,"T":1601905860990,"e":"aggTrade","p":"0.00001128","f":8787235},{"m":false,"E":1601905860995,"l":8787236,"M":true,"q":"49.00000000","s":"ASTBTC","a":6131177,"T":1601905860990,"e":"aggTrade","p":"0.00001129","f":8787236},{"m":false,"E":1601905860995,"l":8787238,"M":true,"q":"623.00000000","s":"ASTBTC","a":6131178,"T":1601905860990,"e":"aggTrade","p":"0.00001130","f":8787237},{"m":false,"E":1601905860995,"l":8787239,"M":true,"q":"37.00000000","s":"ASTBTC","a":6131179,"T":1601905860990,"e":"aggTrade","p":"0.00001131","f":8787239},{"m":false,"E":1601905860995,"l":8787240,"M":true,"q":"442.00000000","s":"ASTBTC","a":6131180,"T":1601905860990,"e":"aggTrade","p":"0.00001132","f":8787240},{"m":false,"E":1601905860995,"l":8787242,"M":true,"q":"41.00000000","s":"ASTBTC","a":6131181,"T":1601905860990,"e":"aggTrade","p":"0.00001134","f":8787241},{"m":false,"E":1601905860995,"l":8787245,"M":true,"q":"3898.00000000","s":"ASTBTC","a":6131182,"T":1601905860990,"e":"aggTrade","p":"0.00001135","f":8787243},{"m":false,"E":1601905860995,"l":8787247,"M":true,"q":"277.00000000","s":"ASTBTC","a":6131183,"T":1601905860990,"e":"aggTrade","p":"0.00001136","f":8787246},{"m":false,"E":1601905860995,"l":8787251,"M":true,"q":"1280.00000000","s":"ASTBTC","a":6131184,"T":1601905860990,"e":"aggTrade","p":"0.00001137","f":8787248},{"m":false,"E":1601905860995,"l":8787254,"M":true,"q":"1470.00000000","s":"ASTBTC","a":6131185,"T":1601905860990,"e":"aggTrade","p":"0.00001138","f":8787252},{"m":false,"E":1601905860995,"l":8787256,"M":true,"q":"56.00000000","s":"ASTBTC","a":6131186,"T":1601905860990,"e":"aggTrade","p":"0.00001139","f":8787255},{"m":false,"E":1601905860995,"l":8787258,"M":true,"q":"59.00000000","s":"ASTBTC","a":6131187,"T":1601905860990,"e":"aggTrade","p":"0.00001140","f":8787257},{"m":false,"E":1601905860995,"l":8787266,"M":true,"q":"5094.00000000","s":"ASTBTC","a":6131188,"T":1601905860990,"e":"aggTrade","p":"0.00001141","f":8787259},{"m":false,"E":1601905860995,"l":8787268,"M":true,"q":"10518.00000000","s":"ASTBTC","a":6131189,"T":1601905860990,"e":"aggTrade","p":"0.00001142","f":8787267},{"m":false,"E":1601905860995,"l":8787269,"M":true,"q":"434.00000000","s":"ASTBTC","a":6131190,"T":1601905860990,"e":"aggTrade","p":"0.00001142","f":8787269},{"m":false,"E":1601905860995,"l":8787270,"M":true,"q":"79.00000000","s":"ASTBTC","a":6131191,"T":1601905860990,"e":"aggTrade","p":"0.00001142","f":8787270},{"m":false,"E":1601905860995,"l":8787271,"M":true,"q":"22.00000000","s":"ASTBTC","a":6131192,"T":1601905860990,"e":"aggTrade","p":"0.00001143","f":8787271},{"m":false,"E":1601905860995,"l":8787273,"M":true,"q":"144.00000000","s":"ASTBTC","a":6131193,"T":1601905860990,"e":"aggTrade","p":"0.00001145","f":8787272},{"m":true,"E":1601905861036,"l":8787274,"M":true,"q":"138.00000000","s":"ASTBTC","a":6131194,"T":1601905861035,"e":"aggTrade","p":"0.00001141","f":8787274},{"m":true,"E":1601905861036,"l":8787275,"M":true,"q":"587.00000000","s":"ASTBTC","a":6131195,"T":1601905861035,"e":"aggTrade","p":"0.00001140","f":8787275},{"m":true,"E":1601905862414,"l":8787276,"M":true,"q":"177.00000000","s":"ASTBTC","a":6131196,"T":1601905862412,"e":"aggTrade","p":"0.00001127","f":8787276},{"m":false,"E":1601905862613,"l":8787277,"M":true,"q":"175.00000000","s":"ASTBTC","a":6131197,"T":1601905862611,"e":"aggTrade","p":"0.00001139","f":8787277},{"m":true,"E":1601905862741,"l":8787278,"M":true,"q":"183.00000000","s":"ASTBTC","a":6131198,"T":1601905862739,"e":"aggTrade","p":"0.00001127","f":8787278},{"m":true,"E":1601905864029,"l":8787280,"M":true,"q":"67.00000000","s":"ASTBTC","a":6131199,"T":1601905864028,"e":"aggTrade","p":"0.00001133","f":8787279},{"m":true,"E":1601905864029,"l":8787281,"M":true,"q":"22.00000000","s":"ASTBTC","a":6131200,"T":1601905864028,"e":"aggTrade","p":"0.00001132","f":8787281},{"m":false,"E":1601905864037,"l":8787282,"M":true,"q":"19.00000000","s":"ASTBTC","a":6131201,"T":1601905864035,"e":"aggTrade","p":"0.00001136","f":8787282},{"m":true,"E":1601905864420,"l":8787283,"M":true,"q":"1458.00000000","s":"ASTBTC","a":6131202,"T":1601905864418,"e":"aggTrade","p":"0.00001131","f":8787283},{"m":false,"E":1601905866028,"l":8787284,"M":true,"q":"9.00000000","s":"ASTBTC","a":6131203,"T":1601905866026,"e":"aggTrade","p":"0.00001135","f":8787284},{"m":true,"E":1601905866413,"l":8787285,"M":true,"q":"1282.00000000","s":"ASTBTC","a":6131204,"T":1601905866412,"e":"aggTrade","p":"0.00001130","f":8787285},{"m":true,"E":1601905867414,"l":8787286,"M":true,"q":"37.00000000","s":"ASTBTC","a":6131205,"T":1601905867412,"e":"aggTrade","p":"0.00001129","f":8787286},{"m":true,"E":1601905867414,"l":8787287,"M":true,"q":"48.00000000","s":"ASTBTC","a":6131206,"T":1601905867412,"e":"aggTrade","p":"0.00001128","f":8787287},{"m":true,"E":1601905867414,"l":8787290,"M":true,"q":"563.00000000","s":"ASTBTC","a":6131207,"T":1601905867412,"e":"aggTrade","p":"0.00001127","f":8787288},{"m":true,"E":1601905867619,"l":8787291,"M":true,"q":"330.00000000","s":"ASTBTC","a":6131208,"T":1601905867617,"e":"aggTrade","p":"0.00001126","f":8787291},{"m":true,"E":1601905867818,"l":8787292,"M":true,"q":"331.00000000","s":"ASTBTC","a":6131209,"T":1601905867817,"e":"aggTrade","p":"0.00001125","f":8787292},{"m":true,"E":1601905868214,"l":8787293,"M":true,"q":"331.00000000","s":"ASTBTC","a":6131210,"T":1601905868213,"e":"aggTrade","p":"0.00001124","f":8787293},{"m":true,"E":1601905868814,"l":8787296,"M":true,"q":"509.00000000","s":"ASTBTC","a":6131211,"T":1601905868813,"e":"aggTrade","p":"0.00001123","f":8787294},{"m":true,"E":1601905872640,"l":8787298,"M":true,"q":"2326.00000000","s":"ASTBTC","a":6131212,"T":1601905872639,"e":"aggTrade","p":"0.00001123","f":8787297},{"m":false,"E":1601905873022,"l":8787299,"M":true,"q":"40.00000000","s":"ASTBTC","a":6131213,"T":1601905873021,"e":"aggTrade","p":"0.00001126","f":8787299},{"m":true,"E":1601905890458,"l":8787301,"M":true,"q":"4527.00000000","s":"ASTBTC","a":6131214,"T":1601905890457,"e":"aggTrade","p":"0.00001122","f":8787300},{"m":false,"E":1601905894222,"l":8787302,"M":true,"q":"36.00000000","s":"ASTBTC","a":6131215,"T":1601905894221,"e":"aggTrade","p":"0.00001124","f":8787302},{"m":false,"E":1601905894382,"l":8787303,"M":true,"q":"36.00000000","s":"ASTBTC","a":6131216,"T":1601905894381,"e":"aggTrade","p":"0.00001124","f":8787303},{"m":true,"E":1601905914944,"l":8787316,"M":true,"q":"437.00000000","s":"ASTBTC","a":6131217,"T":1601905914942,"e":"aggTrade","p":"0.00001121","f":8787304},{"m":true,"E":1601905914944,"l":8787318,"M":true,"q":"565.00000000","s":"ASTBTC","a":6131218,"T":1601905914942,"e":"aggTrade","p":"0.00001120","f":8787317},{"m":true,"E":1601905914944,"l":8787319,"M":true,"q":"248.00000000","s":"ASTBTC","a":6131219,"T":1601905914942,"e":"aggTrade","p":"0.00001119","f":8787319}]]},{"peak":"-11.41868512|10260,4.91349481|300,-3.76454483|720,4.65434634|720,-6.99790063|3690,6.22813156|2400,-5.56328234|8220,-5.56328234|8220","transactionList":[{},{},{},{},{},{},{},[]]},{"peak":"-83.17243428|150,3.22293183|60,-8.35671968|60,14.40598690|90,-5.56754424|30,7.36584664|120,-13.73056995|240,8.53398354|90,-3.65303449|120,3.07087760|60,-29.23357664|720,7.88321168|240,-5.36446266|390,3.74264837|90,-10.56030389|960,3.70370370|60,-6.99588477|330,11.75778954|1350,-5.94464054|600,12.76240015|240,-10.86757991|1350,3.92694064|780,-5.21449704|1770,12.79585799|1080,-14.08266318|1110,4.65681691|420,-5.88457900|780,4.46546831|1170,-11.04183427|1590,5.67176187|1914,-7.61982794|1802,9.52478492|154,-7.08992590|183,-7.49899477|261,4.84519501|365","transactionList":[{},{},{},{},{},{},{},{},{},{},{},{},{},{},{},{},{},{},{},{},{},{},{},{},{},{},{},{},{},{},{},{},{},[{"m":false,"E":1601886080917,"l":179787,"M":true,"q":"14.00000000","s":"OXTBTC","a":142605,"T":1601886080916,"e":"aggTrade","p":"0.00002490","f":179787}],[{"m":false,"E":1601907975536,"l":180389,"M":true,"q":"38.00000000","s":"OXTBTC","a":143125,"T":1601907975535,"e":"aggTrade","p":"0.00002590","f":180389},{"m":false,"E":1601907975688,"l":180390,"M":true,"q":"428.00000000","s":"OXTBTC","a":143126,"T":1601907975687,"e":"aggTrade","p":"0.00002591","f":180390},{"m":false,"E":1601907975695,"l":180392,"M":true,"q":"6391.00000000","s":"OXTBTC","a":143127,"T":1601907975693,"e":"aggTrade","p":"0.00002596","f":180391},{"m":false,"E":1601907975707,"l":180393,"M":true,"q":"30.00000000","s":"OXTBTC","a":143128,"T":1601907975705,"e":"aggTrade","p":"0.00002597","f":180393},{"m":false,"E":1601907975723,"l":180394,"M":true,"q":"500.00000000","s":"OXTBTC","a":143129,"T":1601907975722,"e":"aggTrade","p":"0.00002596","f":180394},{"m":false,"E":1601907976032,"l":180395,"M":true,"q":"4.00000000","s":"OXTBTC","a":143130,"T":1601907976031,"e":"aggTrade","p":"0.00002599","f":180395},{"m":true,"E":1601907976798,"l":180396,"M":true,"q":"500.00000000","s":"OXTBTC","a":143131,"T":1601907976797,"e":"aggTrade","p":"0.00002601","f":180396},{"m":false,"E":1601907976825,"l":180397,"M":true,"q":"215.00000000","s":"OXTBTC","a":143132,"T":1601907976824,"e":"aggTrade","p":"0.00002601","f":180397},{"m":false,"E":1601907981455,"l":180399,"M":true,"q":"9.00000000","s":"OXTBTC","a":143133,"T":1601907981453,"e":"aggTrade","p":"0.00002602","f":180398},{"m":false,"E":1601907982207,"l":180400,"M":true,"q":"7.00000000","s":"OXTBTC","a":143134,"T":1601907982205,"e":"aggTrade","p":"0.00002603","f":180400},{"m":false,"E":1601907982207,"l":180401,"M":true,"q":"4.00000000","s":"OXTBTC","a":143135,"T":1601907982205,"e":"aggTrade","p":"0.00002605","f":180401},{"m":false,"E":1601907982207,"l":180402,"M":true,"q":"29.00000000","s":"OXTBTC","a":143136,"T":1601907982205,"e":"aggTrade","p":"0.00002607","f":180402},{"m":false,"E":1601907982207,"l":180404,"M":true,"q":"62.00000000","s":"OXTBTC","a":143137,"T":1601907982205,"e":"aggTrade","p":"0.00002608","f":180403},{"m":true,"E":1601907982640,"l":180405,"M":true,"q":"49.00000000","s":"OXTBTC","a":143138,"T":1601907982638,"e":"aggTrade","p":"0.00002607","f":180405},{"m":true,"E":1601907986032,"l":180406,"M":true,"q":"39.00000000","s":"OXTBTC","a":143139,"T":1601907986030,"e":"aggTrade","p":"0.00002601","f":180406},{"m":false,"E":1601907990860,"l":180407,"M":true,"q":"485.00000000","s":"OXTBTC","a":143140,"T":1601907990858,"e":"aggTrade","p":"0.00002609","f":180407},{"m":false,"E":1601907992888,"l":180408,"M":true,"q":"15.00000000","s":"OXTBTC","a":143141,"T":1601907992886,"e":"aggTrade","p":"0.00002609","f":180408},{"m":false,"E":1601907992888,"l":180409,"M":true,"q":"4.00000000","s":"OXTBTC","a":143142,"T":1601907992886,"e":"aggTrade","p":"0.00002610","f":180409},{"m":false,"E":1601907992888,"l":180410,"M":true,"q":"30.00000000","s":"OXTBTC","a":143143,"T":1601907992886,"e":"aggTrade","p":"0.00002611","f":180410},{"m":false,"E":1601907992888,"l":180411,"M":true,"q":"40.00000000","s":"OXTBTC","a":143144,"T":1601907992886,"e":"aggTrade","p":"0.00002612","f":180411},{"m":false,"E":1601907992888,"l":180413,"M":true,"q":"53.00000000","s":"OXTBTC","a":143145,"T":1601907992886,"e":"aggTrade","p":"0.00002613","f":180412}]]},{"peak":"-5.01930502|600,5.58829506|390,-7.83438830|1140,3.15450866|120,-7.99565454|630,7.46333514|630,-5.22284863|420,12.67950218|1050,-3.32618026|150,5.37456106|300,-8.36593440|510,10.03109640|1020,-6.41249515|840,3.87077998|570,-6.59034345|360,3.26530612|210,-3.18312941|150,7.68924699|300,-7.55016889|510,10.21259686|600,-7.63558746|630,8.48937615|1050,-5.17306245|150,4.73100075|420,-3.17828021|270,3.59525574|180,-3.82615156|90,19.63224368|2310,-6.86022397|180,4.87764413|120,-6.20799731|270,6.80443548|240,-3.62702747|780,9.53622952|360,-6.48126139|780,9.71396878|930,-5.92870257|990,13.11964504|2190,-10.96352994|480,4.58502176|750,-8.02201209|720,7.15392962|810,-9.30581910|450,15.83649589|2007,-5.74521833|330,8.28581739|147,-8.97007554|727,5.74520628|444,-4.41049914|484,-4.41049914|484,3.98737808|367","transactionList":[{},{},{},{},{},{},{},{},{},{},{},{},{},{},{},{},{},{},{},{},{},{},{},{},{},{},{},{},{},{},{},{},{},{},{},{},{},{},{},{},{},{},{},{},{},{},{},{},{},[{"m":false,"l":14118622,"M":true,"q":"11.00000000","a":9497158,"T":1601882881621,"p":"0.00006976","f":14118622},{"m":false,"l":14118623,"M":true,"q":"50.00000000","a":9497159,"T":1601882894173,"p":"0.00006976","f":14118623},{"m":false,"l":14118624,"M":true,"q":"432.00000000","a":9497160,"T":1601882913503,"p":"0.00006976","f":14118624},{"m":false,"l":14118625,"M":true,"q":"716.00000000","a":9497161,"T":1601882917787,"p":"0.00006976","f":14118625},{"m":false,"l":14118626,"M":true,"q":"55.00000000","a":9497162,"T":1601882918957,"p":"0.00006976","f":14118626},{"m":true,"l":14118630,"M":true,"q":"445.00000000","a":9497163,"T":1601882970297,"p":"0.00006970","f":14118627},{"m":true,"l":14118632,"M":true,"q":"870.00000000","a":9497164,"T":1601882970393,"p":"0.00006970","f":14118631},{"m":true,"l":14118635,"M":true,"q":"154.00000000","a":9497165,"T":1601882970502,"p":"0.00006969","f":14118633},{"m":false,"l":14118636,"M":true,"q":"83.00000000","a":9497166,"T":1601882971422,"p":"0.00006975","f":14118636},{"m":false,"l":14118637,"M":true,"q":"56.00000000","a":9497167,"T":1601882994266,"p":"0.00006975","f":14118637}],[{"m":false,"E":1601904962610,"l":14123314,"M":true,"q":"1.00000000","s":"THETABTC","a":9500390,"T":1601904962609,"e":"aggTrade","p":"0.00007229","f":14123314},{"m":false,"E":1601904972875,"l":14123315,"M":true,"q":"14.00000000","s":"THETABTC","a":9500391,"T":1601904972874,"e":"aggTrade","p":"0.00007229","f":14123315},{"m":false,"E":1601904975311,"l":14123316,"M":true,"q":"78.00000000","s":"THETABTC","a":9500392,"T":1601904975310,"e":"aggTrade","p":"0.00007229","f":14123316},{"m":false,"E":1601904977712,"l":14123320,"M":true,"q":"104.00000000","s":"THETABTC","a":9500393,"T":1601904977704,"e":"aggTrade","p":"0.00007230","f":14123317},{"m":false,"E":1601904977712,"l":14123325,"M":true,"q":"618.00000000","s":"THETABTC","a":9500394,"T":1601904977704,"e":"aggTrade","p":"0.00007231","f":14123321},{"m":false,"E":1601904977712,"l":14123328,"M":true,"q":"17.00000000","s":"THETABTC","a":9500395,"T":1601904977704,"e":"aggTrade","p":"0.00007232","f":14123326},{"m":false,"E":1601904977712,"l":14123333,"M":true,"q":"8113.00000000","s":"THETABTC","a":9500396,"T":1601904977704,"e":"aggTrade","p":"0.00007233","f":14123329},{"m":false,"E":1601904977712,"l":14123335,"M":true,"q":"1247.00000000","s":"THETABTC","a":9500397,"T":1601904977704,"e":"aggTrade","p":"0.00007234","f":14123334},{"m":false,"E":1601904977712,"l":14123338,"M":true,"q":"20.00000000","s":"THETABTC","a":9500398,"T":1601904977704,"e":"aggTrade","p":"0.00007235","f":14123336},{"m":false,"E":1601904977712,"l":14123344,"M":true,"q":"115.00000000","s":"THETABTC","a":9500399,"T":1601904977704,"e":"aggTrade","p":"0.00007236","f":14123339},{"m":false,"E":1601904977712,"l":14123346,"M":true,"q":"1085.00000000","s":"THETABTC","a":9500400,"T":1601904977704,"e":"aggTrade","p":"0.00007237","f":14123345},{"m":false,"E":1601904977712,"l":14123347,"M":true,"q":"32.00000000","s":"THETABTC","a":9500401,"T":1601904977704,"e":"aggTrade","p":"0.00007238","f":14123347},{"m":false,"E":1601904977712,"l":14123352,"M":true,"q":"38.00000000","s":"THETABTC","a":9500402,"T":1601904977704,"e":"aggTrade","p":"0.00007239","f":14123348},{"m":false,"E":1601904977712,"l":14123356,"M":true,"q":"25.00000000","s":"THETABTC","a":9500403,"T":1601904977704,"e":"aggTrade","p":"0.00007240","f":14123353},{"m":false,"E":1601904977712,"l":14123357,"M":true,"q":"17.00000000","s":"THETABTC","a":9500404,"T":1601904977704,"e":"aggTrade","p":"0.00007241","f":14123357},{"m":false,"E":1601904977712,"l":14123358,"M":true,"q":"84.00000000","s":"THETABTC","a":9500405,"T":1601904977704,"e":"aggTrade","p":"0.00007242","f":14123358},{"m":false,"E":1601904977712,"l":14123361,"M":true,"q":"108.00000000","s":"THETABTC","a":9500406,"T":1601904977704,"e":"aggTrade","p":"0.00007243","f":14123359},{"m":false,"E":1601904977712,"l":14123366,"M":true,"q":"68.00000000","s":"THETABTC","a":9500407,"T":1601904977704,"e":"aggTrade","p":"0.00007244","f":14123362},{"m":false,"E":1601904977712,"l":14123367,"M":true,"q":"15.00000000","s":"THETABTC","a":9500408,"T":1601904977704,"e":"aggTrade","p":"0.00007245","f":14123367},{"m":false,"E":1601904977712,"l":14123371,"M":true,"q":"34.00000000","s":"THETABTC","a":9500409,"T":1601904977704,"e":"aggTrade","p":"0.00007246","f":14123368},{"m":false,"E":1601904977712,"l":14123373,"M":true,"q":"252.00000000","s":"THETABTC","a":9500410,"T":1601904977704,"e":"aggTrade","p":"0.00007247","f":14123372},{"m":false,"E":1601904977712,"l":14123374,"M":true,"q":"17.00000000","s":"THETABTC","a":9500411,"T":1601904977704,"e":"aggTrade","p":"0.00007248","f":14123374},{"m":false,"E":1601904977712,"l":14123380,"M":true,"q":"950.00000000","s":"THETABTC","a":9500412,"T":1601904977704,"e":"aggTrade","p":"0.00007249","f":14123375},{"m":false,"E":1601904977712,"l":14123388,"M":true,"q":"1190.00000000","s":"THETABTC","a":9500413,"T":1601904977704,"e":"aggTrade","p":"0.00007250","f":14123381},{"m":false,"E":1601904977712,"l":14123393,"M":true,"q":"936.00000000","s":"THETABTC","a":9500414,"T":1601904977704,"e":"aggTrade","p":"0.00007251","f":14123389},{"m":false,"E":1601904977712,"l":14123395,"M":true,"q":"3297.00000000","s":"THETABTC","a":9500415,"T":1601904977704,"e":"aggTrade","p":"0.00007252","f":14123394},{"m":false,"E":1601904977712,"l":14123396,"M":true,"q":"2.00000000","s":"THETABTC","a":9500416,"T":1601904977704,"e":"aggTrade","p":"0.00007253","f":14123396},{"m":false,"E":1601904977712,"l":14123399,"M":true,"q":"5037.00000000","s":"THETABTC","a":9500417,"T":1601904977704,"e":"aggTrade","p":"0.00007254","f":14123397},{"m":false,"E":1601904977712,"l":14123403,"M":true,"q":"118.00000000","s":"THETABTC","a":9500418,"T":1601904977704,"e":"aggTrade","p":"0.00007255","f":14123400},{"m":false,"E":1601904977835,"l":14123405,"M":true,"q":"26.00000000","s":"THETABTC","a":9500419,"T":1601904977830,"e":"aggTrade","p":"0.00007240","f":14123404},{"m":true,"E":1601904978768,"l":14123406,"M":true,"q":"634.00000000","s":"THETABTC","a":9500420,"T":1601904978767,"e":"aggTrade","p":"0.00007231","f":14123406},{"m":true,"E":1601904978930,"l":14123407,"M":true,"q":"643.00000000","s":"THETABTC","a":9500421,"T":1601904978928,"e":"aggTrade","p":"0.00007231","f":14123407},{"m":true,"E":1601904979039,"l":14123408,"M":true,"q":"207.00000000","s":"THETABTC","a":9500422,"T":1601904979037,"e":"aggTrade","p":"0.00007230","f":14123408},{"m":false,"E":1601904979421,"l":14123409,"M":true,"q":"14.00000000","s":"THETABTC","a":9500423,"T":1601904979420,"e":"aggTrade","p":"0.00007231","f":14123409},{"m":false,"E":1601904979509,"l":14123410,"M":true,"q":"166.00000000","s":"THETABTC","a":9500424,"T":1601904979508,"e":"aggTrade","p":"0.00007231","f":14123410},{"m":false,"E":1601904980604,"l":14123411,"M":true,"q":"6.00000000","s":"THETABTC","a":9500425,"T":1601904980603,"e":"aggTrade","p":"0.00007241","f":14123411},{"m":true,"E":1601904980903,"l":14123412,"M":true,"q":"93.00000000","s":"THETABTC","a":9500426,"T":1601904980901,"e":"aggTrade","p":"0.00007229","f":14123412},{"m":true,"E":1601904981016,"l":14123413,"M":true,"q":"397.00000000","s":"THETABTC","a":9500427,"T":1601904981015,"e":"aggTrade","p":"0.00007225","f":14123413},{"m":true,"E":1601904981016,"l":14123414,"M":true,"q":"71.00000000","s":"THETABTC","a":9500428,"T":1601904981015,"e":"aggTrade","p":"0.00007223","f":14123414},{"m":true,"E":1601904981149,"l":14123415,"M":true,"q":"32.00000000","s":"THETABTC","a":9500429,"T":1601904981148,"e":"aggTrade","p":"0.00007230","f":14123415},{"m":false,"E":1601904981201,"l":14123416,"M":true,"q":"6.00000000","s":"THETABTC","a":9500430,"T":1601904981200,"e":"aggTrade","p":"0.00007239","f":14123416},{"m":true,"E":1601904981333,"l":14123417,"M":true,"q":"17.00000000","s":"THETABTC","a":9500431,"T":1601904981332,"e":"aggTrade","p":"0.00007230","f":14123417},{"m":true,"E":1601904981336,"l":14123418,"M":true,"q":"17.00000000","s":"THETABTC","a":9500432,"T":1601904981335,"e":"aggTrade","p":"0.00007229","f":14123418},{"m":true,"E":1601904981445,"l":14123419,"M":true,"q":"49.00000000","s":"THETABTC","a":9500433,"T":1601904981443,"e":"aggTrade","p":"0.00007229","f":14123419},{"m":false,"E":1601904981825,"l":14123420,"M":true,"q":"6.00000000","s":"THETABTC","a":9500434,"T":1601904981824,"e":"aggTrade","p":"0.00007236","f":14123420},{"m":false,"E":1601904981831,"l":14123421,"M":true,"q":"81.00000000","s":"THETABTC","a":9500435,"T":1601904981830,"e":"aggTrade","p":"0.00007236","f":14123421},{"m":true,"E":1601904982798,"l":14123422,"M":true,"q":"93.00000000","s":"THETABTC","a":9500436,"T":1601904982796,"e":"aggTrade","p":"0.00007239","f":14123422},{"m":true,"E":1601904982798,"l":14123423,"M":true,"q":"17.00000000","s":"THETABTC","a":9500437,"T":1601904982796,"e":"aggTrade","p":"0.00007237","f":14123423},{"m":true,"E":1601904982798,"l":14123424,"M":true,"q":"555.00000000","s":"THETABTC","a":9500438,"T":1601904982796,"e":"aggTrade","p":"0.00007236","f":14123424},{"m":true,"E":1601904984245,"l":14123426,"M":true,"q":"3211.00000000","s":"THETABTC","a":9500439,"T":1601904984243,"e":"aggTrade","p":"0.00007241","f":14123425},{"m":false,"E":1601904986100,"l":14123427,"M":true,"q":"17.00000000","s":"THETABTC","a":9500440,"T":1601904986071,"e":"aggTrade","p":"0.00007248","f":14123427}