[{"peak":"","transactionList":[]},{"peak":"-6.38423645|1170,14.91625616|6930,-4.49740190|900,7.04174879|2310,-24.51021259|6120,3.52230096|150,-3.54388159|150,6.52491140|630,-3.84068279|330,13.47287137|2700,-8.02863223|3120,3.86922035|600,-4.33346288|270,7.38437621|3909,7.38437621|3909","transactionList":[{},{},{},{},{},{},{},{},{},{},{},{},{},{},[]]},{"peak":"-4.41767068|1110,6.22489960|3960,-3.52250489|1230,6.84931507|3900,-5.81395349|1530,3.87596899|1830,-19.11111111|4230,7.77777778|2130,-4.97835498|750,11.03896104|720,-6.65280665|600,6.44490644|420,-12.28070175|1770,3.07017544|1110,-3.29670330|150,3.73626374|3420,-3.96475771|1035","transactionList":[{},{},{},{},{},{},{},{},{},{},{},{},{},{},{},{},{}]},{"peak":"-8.90357698|1020,15.00777605|8970,-6.25000000|1650,5.35201149|2550,-13.72625048|1230,6.55292749|450,-27.51740139|1410,5.05800464|150,-5.69561158|150,7.79645191|750,-4.85921889|60,20.02724796|1200,-10.17090454|900,9.17048770|630,-14.21718273|1860,8.37331007|1350,-4.76391231|300,7.25126476|2505,-6.26566416|1407,3.59231412|346,3.59231412|346,-3.46266166|1126,5.17313308|20,-7.32226479|95,5.95998297|4,-6.45851155|2","transactionList":[{},{},{},{},{},{},{},{},{},{},{},{},{},{},{},{},{},{},{},{},[{"m":false,"l":4496846,"M":true,"q":"10.00000000","a":3152229,"T":1596565702323,"p":"0.00001240","f":4496846}],[{"m":true,"E":1596633215620,"l":4497623,"M":true,"q":"117.00000000","s":"NAVBTC","a":3152801,"T":1596633215618,"e":"aggTrade","p":"0.00001200","f":4497623},{"m":true,"E":1596633259905,"l":4497624,"M":true,"q":"746.00000000","s":"NAVBTC","a":3152802,"T":1596633259903,"e":"aggTrade","p":"0.00001200","f":4497624},{"m":true,"E":1596633259905,"l":4497630,"M":true,"q":"4150.00000000","s":"NAVBTC","a":3152803,"T":1596633259903,"e":"aggTrade","p":"0.00001199","f":4497625},{"m":false,"E":1596633261471,"l":4497631,"M":true,"q":"291.00000000","s":"NAVBTC","a":3152804,"T":1596633261470,"e":"aggTrade","p":"0.00001199","f":4497631},{"m":false,"E":1596633261484,"l":4497632,"M":true,"q":"125.00000000","s":"NAVBTC","a":3152805,"T":1596633261482,"e":"aggTrade","p":"0.00001199","f":4497632}],[{"m":true,"E":1596634402535,"l":4497790,"M":true,"q":"26.00000000","s":"NAVBTC","a":3152885,"T":1596634402533,"e":"aggTrade","p":"0.00001216","f":4497790},{"m":true,"E":1596634402535,"l":4497791,"M":true,"q":"22.00000000","s":"NAVBTC","a":3152886,"T":1596634402533,"e":"aggTrade","p":"0.00001215","f":4497791},{"m":true,"E":1596634402535,"l":4497792,"M":true,"q":"9.00000000","s":"NAVBTC","a":3152887,"T":1596634402533,"e":"aggTrade","p":"0.00001214","f":4497792},{"m":true,"E":1596634402535,"l":4497794,"M":true,"q":"266.00000000","s":"NAVBTC","a":3152888,"T":1596634402533,"e":"aggTrade","p":"0.00001213","f":4497793},{"m":true,"E":1596634403089,"l":4497795,"M":true,"q":"166.00000000","s":"NAVBTC","a":3152889,"T":1596634403088,"e":"aggTrade","p":"0.00001214","f":4497795},{"m":false,"E":1596634415252,"l":4497796,"M":true,"q":"69.00000000","s":"NAVBTC","a":3152890,"T":1596634415250,"e":"aggTrade","p":"0.00001217","f":4497796},{"m":false,"E":1596634415252,"l":4497797,"M":true,"q":"1.00000000","s":"NAVBTC","a":3152891,"T":1596634415250,"e":"aggTrade","p":"0.00001218","f":4497797},{"m":true,"E":1596634420706,"l":4497798,"M":true,"q":"70.00000000","s":"NAVBTC","a":3152892,"T":1596634420705,"e":"aggTrade","p":"0.00001215","f":4497798},{"m":true,"E":1596634420706,"l":4497799,"M":true,"q":"176.00000000","s":"NAVBTC","a":3152893,"T":1596634420705,"e":"aggTrade","p":"0.00001213","f":4497799},{"m":true,"E":1596634448204,"l":4497800,"M":true,"q":"248.00000000","s":"NAVBTC","a":3152894,"T":1596634448202,"e":"aggTrade","p":"0.00001214","f":4497800},{"m":true,"E":1596634448204,"l":4497801,"M":true,"q":"526.00000000","s":"NAVBTC","a":3152895,"T":1596634448202,"e":"aggTrade","p":"0.00001213","f":4497801},{"m":true,"E":1596634448204,"l":4497804,"M":true,"q":"3495.00000000","s":"NAVBTC","a":3152896,"T":1596634448202,"e":"aggTrade","p":"0.00001210","f":4497802},{"m":false,"E":1596634456075,"l":4497807,"M":true,"q":"1138.00000000","s":"NAVBTC","a":3152897,"T":1596634456063,"e":"aggTrade","p":"0.00001218","f":4497805},{"m":false,"E":1596634456075,"l":4497811,"M":true,"q":"207.00000000","s":"NAVBTC","a":3152898,"T":1596634456063,"e":"aggTrade","p":"0.00001219","f":4497808},{"m":false,"E":1596634456075,"l":4497812,"M":true,"q":"496.00000000","s":"NAVBTC","a":3152899,"T":1596634456063,"e":"aggTrade","p":"0.00001220","f":4497812},{"m":false,"E":1596634456075,"l":4497813,"M":true,"q":"9.00000000","s":"NAVBTC","a":3152900,"T":1596634456063,"e":"aggTrade","p":"0.00001221","f":4497813},{"m":false,"E":1596634456075,"l":4497814,"M":true,"q":"37.00000000","s":"NAVBTC","a":3152901,"T":1596634456063,"e":"aggTrade","p":"0.00001222","f":4497814},{"m":false,"E":1596634456075,"l":4497815,"M":true,"q":"26.00000000","s":"NAVBTC","a":3152902,"T":1596634456063,"e":"aggTrade","p":"0.00001224","f":4497815},{"m":false,"E":1596634456075,"l":4497816,"M":true,"q":"558.00000000","s":"NAVBTC","a":3152903,"T":1596634456063,"e":"aggTrade","p":"0.00001225","f":4497816},{"m":false,"E":1596634456075,"l":4497817,"M":true,"q":"3652.00000000","s":"NAVBTC","a":3152904,"T":1596634456063,"e":"aggTrade","p":"0.00001226","f":4497817},{"m":false,"E":1596634456075,"l":4497818,"M":true,"q":"9.00000000","s":"NAVBTC","a":3152905,"T":1596634456063,"e":"aggTrade","p":"0.00001229","f":4497818},{"m":false,"E":1596634456075,"l":4497820,"M":true,"q":"522.00000000","s":"NAVBTC","a":3152906,"T":1596634456063,"e":"aggTrade","p":"0.00001230","f":4497819},{"m":false,"E":1596634456075,"l":4497821,"M":true,"q":"22.00000000","s":"NAVBTC","a":3152907,"T":1596634456063,"e":"aggTrade","p":"0.00001233","f":4497821},{"m":false,"E":1596634456075,"l":4497822,"M":true,"q":"412.00000000","s":"NAVBTC","a":3152908,"T":1596634456063,"e":"aggTrade","p":"0.00001234","f":4497822},{"m":false,"E":1596634456075,"l":4497824,"M":true,"q":"1556.00000000","s":"NAVBTC","a":3152909,"T":1596634456063,"e":"aggTrade","p":"0.00001235","f":4497823},{"m":false,"E":1596634456075,"l":4497825,"M":true,"q":"9.00000000","s":"NAVBTC","a":3152910,"T":1596634456063,"e":"aggTrade","p":"0.00001237","f":4497825},{"m":false,"E":1596634456075,"l":4497826,"M":true,"q":"26.00000000","s":"NAVBTC","a":3152911,"T":1596634456063,"e":"aggTrade","p":"0.00001238","f":4497826},{"m":false,"E":1596634456075,"l":4497827,"M":true,"q":"496.00000000","s":"NAVBTC","a":3152912,"T":1596634456063,"e":"aggTrade","p":"0.00001240","f":4497827},{"m":false,"E":1596634456075,"l":4497828,"M":true,"q":"20.00000000","s":"NAVBTC","a":3152913,"T":1596634456063,"e":"aggTrade","p":"0.00001241","f":4497828},{"m":false,"E":1596634456075,"l":4497830,"M":true,"q":"35.00000000","s":"NAVBTC","a":3152914,"T":1596634456063,"e":"aggTrade","p":"0.00001245","f":4497829},{"m":false,"E":1596634456075,"l":4497831,"M":true,"q":"10.00000000","s":"NAVBTC","a":3152915,"T":1596634456063,"e":"aggTrade","p":"0.00001249","f":4497831},{"m":false,"E":1596634456075,"l":4497832,"M":true,"q":"496.00000000","s":"NAVBTC","a":3152916,"T":1596634456063,"e":"aggTrade","p":"0.00001250","f":4497832},{"m":false,"E":1596634456075,"l":4497834,"M":true,"q":"48.00000000","s":"NAVBTC","a":3152917,"T":1596634456063,"e":"aggTrade","p":"0.00001251","f":4497833},{"m":false,"E":1596634456075,"l":4497836,"M":true,"q":"7575.00000000","s":"NAVBTC","a":3152918,"T":1596634456063,"e":"aggTrade","p":"0.00001252","f":4497835},{"m":false,"E":1596634456075,"l":4497838,"M":true,"q":"18.00000000","s":"NAVBTC","a":3152919,"T":1596634456063,"e":"aggTrade","p":"0.00001253","f":4497837},{"m":false,"E":1596634456075,"l":4497839,"M":true,"q":"69.00000000","s":"NAVBTC","a":3152920,"T":1596634456063,"e":"aggTrade","p":"0.00001254","f":4497839},{"m":false,"E":1596634456075,"l":4497843,"M":true,"q":"941.00000000","s":"NAVBTC","a":3152921,"T":1596634456063,"e":"aggTrade","p":"0.00001255","f":4497840},{"m":false,"E":1596634456075,"l":4497844,"M":true,"q":"892.00000000","s":"NAVBTC","a":3152922,"T":1596634456063,"e":"aggTrade","p":"0.00001256","f":4497844},{"m":false,"E":1596634456075,"l":4497848,"M":true,"q":"226.00000000","s":"NAVBTC","a":3152923,"T":1596634456063,"e":"aggTrade","p":"0.00001257","f":4497845},{"m":false,"E":1596634456075,"l":4497850,"M":true,"q":"41.00000000","s":"NAVBTC","a":3152924,"T":1596634456063,"e":"aggTrade","p":"0.00001258","f":4497849},{"m":false,"E":1596634456075,"l":4497852,"M":true,"q":"819.00000000","s":"NAVBTC","a":3152925,"T":1596634456063,"e":"aggTrade","p":"0.00001259","f":4497851},{"m":false,"E":1596634456075,"l":4497856,"M":true,"q":"729.00000000","s":"NAVBTC","a":3152926,"T":1596634456063,"e":"aggTrade","p":"0.00001260","f":4497853},{"m":false,"E":1596634456075,"l":4497859,"M":true,"q":"1084.00000000","s":"NAVBTC","a":3152927,"T":1596634456063,"e":"aggTrade","p":"0.00001261","f":4497857},{"m":false,"E":1596634456075,"l":4497860,"M":true,"q":"291.00000000","s":"NAVBTC","a":3152928,"T":1596634456063,"e":"aggTrade","p":"0.00001262","f":4497860},{"m":false,"E":1596634456075,"l":4497863,"M":true,"q":"32.00000000","s":"NAVBTC","a":3152929,"T":1596634456063,"e":"aggTrade","p":"0.00001263","f":4497861},{"m":false,"E":1596634456075,"l":4497864,"M":true,"q":"25.00000000","s":"NAVBTC","a":3152930,"T":1596634456063,"e":"aggTrade","p":"0.00001265","f":4497864},{"m":false,"E":1596634456075,"l":4497866,"M":true,"q":"1631.00000000","s":"NAVBTC","a":3152931,"T":1596634456063,"e":"aggTrade","p":"0.00001266","f":4497865},{"m":false,"E":1596634456075,"l":4497867,"M":true,"q":"50.00000000","s":"NAVBTC","a":3152932,"T":1596634456063,"e":"aggTrade","p":"0.00001267","f":4497867},{"m":false,"E":1596634456075,"l":4497868,"M":true,"q":"9.00000000","s":"NAVBTC","a":3152933,"T":1596634456063,"e":"aggTrade","p":"0.00001268","f":4497868},{"m":false,"E":1596634456075,"l":4497874,"M":true,"q":"2744.00000000","s":"NAVBTC","a":3152934,"T":1596634456063,"e":"aggTrade","p":"0.00001269","f":4497869},{"m":false,"E":1596634456075,"l":4497885,"M":true,"q":"7118.00000000","s":"NAVBTC","a":3152935,"T":1596634456063,"e":"aggTrade","p":"0.00001270","f":4497875},{"m":false,"E":1596634456075,"l":4497886,"M":true,"q":"25.00000000","s":"NAVBTC","a":3152936,"T":1596634456063,"e":"aggTrade","p":"0.00001271","f":4497886},{"m":false,"E":1596634456076,"l":4497887,"M":true,"q":"10.00000000","s":"NAVBTC","a":3152937,"T":1596634456063,"e":"aggTrade","p":"0.00001272","f":4497887},{"m":false,"E":1596634456076,"l":4497890,"M":true,"q":"503.00000000","s":"NAVBTC","a":3152938,"T":1596634456063,"e":"aggTrade","p":"0.00001273","f":4497888},{"m":false,"E":1596634456076,"l":4497892,"M":true,"q":"782.00000000","s":"NAVBTC","a":3152939,"T":1596634456063,"e":"aggTrade","p":"0.00001274","f":4497891},{"m":false,"E":1596634456076,"l":4497897,"M":true,"q":"4289.00000000","s":"NAVBTC","a":3152940,"T":1596634456063,"e":"aggTrade","p":"0.00001275","f":4497893},{"m":false,"E":1596634456076,"l":4497898,"M":true,"q":"9.00000000","s":"NAVBTC","a":3152941,"T":1596634456063,"e":"aggTrade","p":"0.00001276","f":4497898},{"m":false,"E":1596634456076,"l":4497899,"M":true,"q":"246.00000000","s":"NAVBTC","a":3152942,"T":1596634456063,"e":"aggTrade","p":"0.00001277","f":4497899},{"m":false,"E":1596634456076,"l":4497900,"M":true,"q":"25.00000000","s":"NAVBTC","a":3152943,"T":1596634456063,"e":"aggTrade","p":"0.00001278","f":4497900},{"m":false,"E":1596634456076,"l":4497903,"M":true,"q":"876.00000000","s":"NAVBTC","a":3152944,"T":1596634456063,"e":"aggTrade","p":"0.00001279","f":4497901},{"m":false,"E":1596634456076,"l":4497909,"M":true,"q":"15574.00000000","s":"NAVBTC","a":3152945,"T":1596634456063,"e":"aggTrade","p":"0.00001280","f":4497904},{"m":false,"E":1596634456076,"l":4497911,"M":true,"q":"121.00000000","s":"NAVBTC","a":3152946,"T":1596634456063,"e":"aggTrade","p":"0.00001281","f":4497910},{"m":false,"E":1596634456076,"l":4497918,"M":true,"q":"1581.00000000","s":"NAVBTC","a":3152947,"T":1596634456063,"e":"aggTrade","p":"0.00001282","f":4497912},{"m":false,"E":1596634456076,"l":4497919,"M":true,"q":"1413.00000000","s":"NAVBTC","a":3152948,"T":1596634456063,"e":"aggTrade","p":"0.00001283","f":4497919},{"m":false,"E":1596634456076,"l":4497928,"M":true,"q":"7312.00000000","s":"NAVBTC","a":3152949,"T":1596634456063,"e":"aggTrade","p":"0.00001284","f":4497920},{"m":false,"E":1596634456076,"l":4497951,"M":true,"q":"12055.00000000","s":"NAVBTC","a":3152950,"T":1596634456063,"e":"aggTrade","p":"0.00001285","f":4497929},{"m":false,"E":1596634456076,"l":4497952,"M":true,"q":"80.00000000","s":"NAVBTC","a":3152951,"T":1596634456063,"e":"aggTrade","p":"0.00001286","f":4497952},{"m":false,"E":1596634456076,"l":4497954,"M":true,"q":"48.00000000","s":"NAVBTC","a":3152952,"T":1596634456063,"e":"aggTrade","p":"0.00001287","f":4497953},{"m":false,"E":1596634456076,"l":4497955,"M":true,"q":"4.00000000","s":"NAVBTC","a":3152953,"T":1596634456063,"e":"aggTrade","p":"0.00001288","f":4497955},{"m":false,"E":1596634456076,"l":4497957,"M":true,"q":"814.00000000","s":"NAVBTC","a":3152954,"T":1596634456063,"e":"aggTrade","p":"0.00001289","f":4497956},{"m":false,"E":1596634456076,"l":4497962,"M":true,"q":"10045.00000000","s":"NAVBTC","a":3152955,"T":1596634456063,"e":"aggTrade","p":"0.00001290","f":4497958},{"m":false,"E":1596634456076,"l":4497964,"M":true,"q":"712.00000000","s":"NAVBTC","a":3152956,"T":1596634456063,"e":"aggTrade","p":"0.00001291","f":4497963},{"m":false,"E":1596634456076,"l":4497965,"M":true,"q":"25.00000000","s":"NAVBTC","a":3152957,"T":1596634456063,"e":"aggTrade","p":"0.00001292","f":4497965},{"m":false,"E":1596634456076,"l":4497967,"M":true,"q":"3123.00000000","s":"NAVBTC","a":3152958,"T":1596634456063,"e":"aggTrade","p":"0.00001293","f":4497966},{"m":false,"E":1596634456076,"l":4497968,"M":true,"q":"100.00000000","s":"NAVBTC","a":3152959,"T":1596634456063,"e":"aggTrade","p":"0.00001295","f":4497968},{"m":false,"E":1596634456076,"l":4497970,"M":true,"q":"150.00000000","s":"NAVBTC","a":3152960,"T":1596634456063,"e":"aggTrade","p":"0.00001296","f":4497969},{"m":true,"E":1596634456130,"l":4497971,"M":true,"q":"973.00000000","s":"NAVBTC","a":3152961,"T":1596634456129,"e":"aggTrade","p":"0.00001231","f":4497971},{"m":true,"E":1596634456130,"l":4497972,"M":true,"q":"2700.00000000","s":"NAVBTC","a":3152962,"T":1596634456129,"e":"aggTrade","p":"0.00001230","f":4497972},{"m":false,"E":1596634456289,"l":4497973,"M":true,"q":"98.00000000","s":"NAVBTC","a":3152963,"T":1596634456288,"e":"aggTrade","p":"0.00001244","f":4497973},{"m":false,"E":1596634457287,"l":4497974,"M":true,"q":"98.00000000","s":"NAVBTC","a":3152964,"T":1596634457286,"e":"aggTrade","p":"0.00001244","f":4497974},{"m":false,"E":1596634458286,"l":4497975,"M":true,"q":"98.00000000","s":"NAVBTC","a":3152965,"T":1596634458285,"e":"aggTrade","p":"0.00001244","f":4497975},{"m":false,"E":1596634458563,"l":4497976,"M":true,"q":"25.00000000","s":"NAVBTC","a":3152966,"T":1596634458562,"e":"aggTrade","p":"0.00001244","f":4497976},{"m":false,"E":1596634458727,"l":4497977,"M":true,"q":"25.00000000","s":"NAVBTC","a":3152967,"T":1596634458726,"e":"aggTrade","p":"0.00001244","f":4497977},{"m":false,"E":1596634458972,"l":4497978,"M":true,"q":"25.00000000","s":"NAVBTC","a":3152968,"T":1596634458971,"e":"aggTrade","p":"0.00001242","f":4497978},{"m":true,"E":1596634459048,"l":4497979,"M":true,"q":"148.00000000","s":"NAVBTC","a":3152969,"T":1596634459047,"e":"aggTrade","p":"0.00001237","f":4497979},{"m":false,"E":1596634459112,"l":4497980,"M":true,"q":"25.00000000","s":"NAVBTC","a":3152970,"T":1596634459110,"e":"aggTrade","p":"0.00001242","f":4497980},{"m":false,"E":1596634459285,"l":4497981,"M":true,"q":"211.00000000","s":"NAVBTC","a":3152971,"T":1596634459284,"e":"aggTrade","p":"0.00001242","f":4497981},{"m":false,"E":1596634459328,"l":4497983,"M":true,"q":"25.00000000","s":"NAVBTC","a":3152972,"T":1596634459327,"e":"aggTrade","p":"0.00001242","f":4497982},{"m":false,"E":1596634459533,"l":4497984,"M":true,"q":"25.00000000","s":"NAVBTC","a":3152973,"T":1596634459532,"e":"aggTrade","p":"0.00001242","f":4497984},{"m":true,"E":1596634459851,"l":4497985,"M":true,"q":"6864.00000000","s":"NAVBTC","a":3152974,"T":1596634459849,"e":"aggTrade","p":"0.00001237","f":4497985},{"m":false,"E":1596634460435,"l":4497986,"M":true,"q":"26.00000000","s":"NAVBTC","a":3152975,"T":1596634460434,"e":"aggTrade","p":"0.00001242","f":4497986},{"m":false,"E":1596634460888,"l":4497987,"M":true,"q":"9.00000000","s":"NAVBTC","a":3152976,"T":1596634460887,"e":"aggTrade","p":"0.00001242","f":4497987},{"m":false,"E":1596634461143,"l":4497988,"M":true,"q":"9.00000000","s":"NAVBTC","a":3152977,"T":1596634461142,"e":"aggTrade","p":"0.00001242","f":4497988},{"m":false,"E":1596634461282,"l":4497989,"M":true,"q":"80.00000000","s":"NAVBTC","a":3152978,"T":1596634461281,"e":"aggTrade","p":"0.00001242","f":4497989},{"m":false,"E":1596634461366,"l":4497990,"M":true,"q":"10.00000000","s":"NAVBTC","a":3152979,"T":1596634461364,"e":"aggTrade","p":"0.00001242","f":4497990},{"m":false,"E":1596634461394,"l":4497991,"M":true,"q":"9.00000000","s":"NAVBTC","a":3152980,"T":1596634461392,"e":"aggTrade","p":"0.00001242","f":4497991},{"m":false,"E":1596634461474,"l":4498000,"M":true,"q":"2312.00000000","s":"NAVBTC","a":3152981,"T":1596634461473,"e":"aggTrade","p":"0.00001242","f":4497992},{"m":false,"E":1596634461474,"l":4498007,"M":true,"q":"629.00000000","s":"NAVBTC","a":3152982,"T":1596634461473,"e":"aggTrade","p":"0.00001244","f":4498001},{"m":true,"E":1596634461491,"l":4498010,"M":true,"q":"2007.00000000","s":"NAVBTC","a":3152983,"T":1596634461490,"e":"aggTrade","p":"0.00001245","f":4498008},{"m":true,"E":1596634461814,"l":4498011,"M":true,"q":"240.00000000","s":"NAVBTC","a":3152984,"T":1596634461813,"e":"aggTrade","p":"0.00001247","f":4498011},{"m":true,"E":1596634461829,"l":4498013,"M":true,"q":"1192.00000000","s":"NAVBTC","a":3152985,"T":1596634461827,"e":"aggTrade","p":"0.00001247","f":4498012},{"m":true,"E":1596634461872,"l":4498014,"M":true,"q":"254.00000000","s":"NAVBTC","a":3152986,"T":1596634461871,"e":"aggTrade","p":"0.00001247","f":4498014},{"m":true,"E":1596634461900,"l":4498015,"M":true,"q":"9.00000000","s":"NAVBTC","a":3152987,"T":1596634461898,"e":"aggTrade","p":"0.00001260","f":4498015},{"m":true,"E":1596634461900,"l":4498016,"M":true,"q":"245.00000000","s":"NAVBTC","a":3152988,"T":1596634461898,"e":"aggTrade","p":"0.00001248","f":4498016},{"m":true,"E":1596634462049,"l":4498017,"M":true,"q":"132.00000000","s":"NAVBTC","a":3152989,"T":1596634462048,"e":"aggTrade","p":"0.00001250","f":4498017},{"m":true,"E":1596634463045,"l":4498018,"M":true,"q":"248.00000000","s":"NAVBTC","a":3152990,"T":1596634463044,"e":"aggTrade","p":"0.00001254","f":4498018},{"m":true,"E":1596634463091,"l":4498020,"M":true,"q":"1608.00000000","s":"NAVBTC","a":3152991,"T":1596634463090,"e":"aggTrade","p":"0.00001254","f":4498019},{"m":true,"E":1596634463441,"l":4498021,"M":true,"q":"289.00000000","s":"NAVBTC","a":3152992,"T":1596634463439,"e":"aggTrade","p":"0.00001254","f":4498021},{"m":false,"E":1596634463588,"l":4498022,"M":true,"q":"289.00000000","s":"NAVBTC","a":3152993,"T":1596634463587,"e":"aggTrade","p":"0.00001264","f":4498022},{"m":false,"E":1596634463588,"l":4498023,"M":true,"q":"25.00000000","s":"NAVBTC","a":3152994,"T":1596634463587,"e":"aggTrade","p":"0.00001265","f":4498023},{"m":false,"E":1596634463588,"l":4498024,"M":true,"q":"68.00000000","s":"NAVBTC","a":3152995,"T":1596634463587,"e":"aggTrade","p":"0.00001267","f":4498024},{"m":true,"E":1596634464092,"l":4498025,"M":true,"q":"556.00000000","s":"NAVBTC","a":3152996,"T":1596634464091,"e":"aggTrade","p":"0.00001254","f":4498025},{"m":true,"E":1596634464158,"l":4498026,"M":true,"q":"26.00000000","s":"NAVBTC","a":3152997,"T":1596634464156,"e":"aggTrade","p":"0.00001254","f":4498026},{"m":true,"E":1596634465287,"l":4498027,"M":true,"q":"25.00000000","s":"NAVBTC","a":3152998,"T":1596634465286,"e":"aggTrade","p":"0.00001256","f":4498027},{"m":false,"E":1596634465343,"l":4498028,"M":true,"q":"290.00000000","s":"NAVBTC","a":3152999,"T":1596634465342,"e":"aggTrade","p":"0.00001257","f":4498028},{"m":false,"E":1596634467884,"l":4498029,"M":true,"q":"22.00000000","s":"NAVBTC","a":3153000,"T":1596634467883,"e":"aggTrade","p":"0.00001257","f":4498029},{"m":false,"E":1596634468302,"l":4498032,"M":true,"q":"581.00000000","s":"NAVBTC","a":3153001,"T":1596634468300,"e":"aggTrade","p":"0.00001257","f":4498030},{"m":false,"E":1596634468350,"l":4498033,"M":true,"q":"20.00000000","s":"NAVBTC","a":3153002,"T":1596634468349,"e":"aggTrade","p":"0.00001257","f":4498033},{"m":false,"E":1596634468862,"l":4498034,"M":true,"q":"20.00000000","s":"NAVBTC","a":3153003,"T":1596634468861,"e":"aggTrade","p":"0.00001257","f":4498034},{"m":false,"E":1596634471000,"l":4498035,"M":true,"q":"202.00000000","s":"NAVBTC","a":3153004,"T":1596634470999,"e":"aggTrade","p":"0.00001257","f":4498035},{"m":false,"E":1596634471000,"l":4498036,"M":true,"q":"25.00000000","s":"NAVBTC","a":3153005,"T":1596634470999,"e":"aggTrade","p":"0.00001258","f":4498036},{"m":false,"E":1596634471000,"l":4498037,"M":true,"q":"25.00000000","s":"NAVBTC","a":3153006,"T":1596634470999,"e":"aggTrade","p":"0.00001265","f":4498037},{"m":false,"E":1596634471000,"l":4498038,"M":true,"q":"244.00000000","s":"NAVBTC","a":3153007,"T":1596634470999,"e":"aggTrade","p":"0.00001266","f":4498038},{"m":false,"E":1596634472894,"l":4498039,"M":true,"q":"15.00000000","s":"NAVBTC","a":3153008,"T":1596634472893,"e":"aggTrade","p":"0.00001257","f":4498039},{"m":true,"E":1596634473810,"l":4498040,"M":true,"q":"25.00000000","s":"NAVBTC","a":3153009,"T":1596634473809,"e":"aggTrade","p":"0.00001256","f":4498040},{"m":false,"E":1596634474195,"l":4498041,"M":true,"q":"496.00000000","s":"NAVBTC","a":3153010,"T":1596634474194,"e":"aggTrade","p":"0.00001256","f":4498041},{"m":false,"E":1596634474681,"l":4498042,"M":true,"q":"496.00000000","s":"NAVBTC","a":3153011,"T":1596634474680,"e":"aggTrade","p":"0.00001256","f":4498042},{"m":true,"E":1596634475046,"l":4498044,"M":true,"q":"16.00000000","s":"NAVBTC","a":3153012,"T":1596634475045,"e":"aggTrade","p":"0.00001253","f":4498043},{"m":false,"E":1596634476192,"l":4498045,"M":true,"q":"16.00000000","s":"NAVBTC","a":3153013,"T":1596634476191,"e":"aggTrade","p":"0.00001256","f":4498045},{"m":false,"E":1596634476288,"l":4498046,"M":true,"q":"12.00000000","s":"NAVBTC","a":3153014,"T":1596634476287,"e":"aggTrade","p":"0.00001256","f":4498046},{"m":false,"E":1596634476365,"l":4498047,"M":true,"q":"16.00000000","s":"NAVBTC","a":3153015,"T":1596634476364,"e":"aggTrade","p":"0.00001256","f":4498047},{"m":false,"E":1596634476367,"l":4498048,"M":true,"q":"12.00000000","s":"NAVBTC","a":3153016,"T":1596634476366,"e":"aggTrade","p":"0.00001256","f":4498048},{"m":false,"E":1596634476372,"l":4498049,"M":true,"q":"24.00000000","s":"NAVBTC","a":3153017,"T":1596634476371,"e":"aggTrade","p":"0.00001256","f":4498049},{"m":false,"E":1596634476538,"l":4498050,"M":true,"q":"160.00000000","s":"NAVBTC","a":3153018,"T":1596634476537,"e":"aggTrade","p":"0.00001256","f":4498050},{"m":false,"E":1596634476538,"l":4498051,"M":true,"q":"1485.00000000","s":"NAVBTC","a":3153019,"T":1596634476537,"e":"aggTrade","p":"0.00001257","f":4498051},{"m":false,"E":1596634476712,"l":4498053,"M":true,"q":"712.00000000","s":"NAVBTC","a":3153020,"T":1596634476711,"e":"aggTrade","p":"0.00001257","f":4498052},{"m":false,"E":1596634476721,"l":4498054,"M":true,"q":"50.00000000","s":"NAVBTC","a":3153021,"T":1596634476721,"e":"aggTrade","p":"0.00001257","f":4498054},{"m":false,"E":1596634477539,"l":4498055,"M":true,"q":"36.00000000","s":"NAVBTC","a":3153022,"T":1596634477538,"e":"aggTrade","p":"0.00001257","f":4498055},{"m":false,"E":1596634477606,"l":4498056,"M":true,"q":"239.00000000","s":"NAVBTC","a":3153023,"T":1596634477605,"e":"aggTrade","p":"0.00001257","f":4498056},{"m":false,"E":1596634477625,"l":4498057,"M":true,"q":"16.00000000","s":"NAVBTC","a":3153024,"T":1596634477624,"e":"aggTrade","p":"0.00001257","f":4498057},{"m":false,"E":1596634477650,"l":4498058,"M":true,"q":"63.00000000","s":"NAVBTC","a":3153025,"T":1596634477648,"e":"aggTrade","p":"0.00001257","f":4498058},{"m":false,"E":1596634477665,"l":4498059,"M":true,"q":"88.00000000","s":"NAVBTC","a":3153026,"T":1596634477664,"e":"aggTrade","p":"0.00001257","f":4498059},{"m":true,"E":1596634478586,"l":4498060,"M":true,"q":"968.00000000","s":"NAVBTC","a":3153027,"T":1596634478585,"e":"aggTrade","p":"0.00001258","f":4498060},{"m":false,"E":1596634482690,"l":4498061,"M":true,"q":"9.00000000","s":"NAVBTC","a":3153028,"T":1596634482689,"e":"aggTrade","p":"0.00001260","f":4498061},{"m":true,"E":1596634485514,"l":4498063,"M":true,"q":"79.00000000","s":"NAVBTC","a":3153029,"T":1596634485512,"e":"aggTrade","p":"0.00001257","f":4498062},{"m":true,"E":1596634485928,"l":4498071,"M":true,"q":"1941.00000000","s":"NAVBTC","a":3153030,"T":1596634485926,"e":"aggTrade","p":"0.00001257","f":4498064},{"m":true,"E":1596634485928,"l":4498072,"M":true,"q":"66.00000000","s":"NAVBTC","a":3153031,"T":1596634485926,"e":"aggTrade","p":"0.00001256","f":4498072},{"m":true,"E":1596634486939,"l":4498082,"M":true,"q":"725.00000000","s":"NAVBTC","a":3153032,"T":1596634486937,"e":"aggTrade","p":"0.00001256","f":4498073},{"m":true,"E":1596634487849,"l":4498095,"M":true,"q":"968.00000000","s":"NAVBTC","a":3153033,"T":1596634487846,"e":"aggTrade","p":"0.00001256","f":4498083},{"m":true,"E":1596634488619,"l":4498096,"M":true,"q":"34.00000000","s":"NAVBTC","a":3153034,"T":1596634488618,"e":"aggTrade","p":"0.00001256","f":4498096},{"m":false,"E":1596634491341,"l":4498097,"M":true,"q":"702.00000000","s":"NAVBTC","a":3153035,"T":1596634491339,"e":"aggTrade","p":"0.00001257","f":4498097},{"m":true,"E":1596634499349,"l":4498098,"M":true,"q":"1696.00000000","s":"NAVBTC","a":3153036,"T":1596634499348,"e":"aggTrade","p":"0.00001257","f":4498098},{"m":false,"E":1596634508666,"l":4498099,"M":true,"q":"16.00000000","s":"NAVBTC","a":3153037,"T":1596634508665,"e":"aggTrade","p":"0.00001260","f":4498099},{"m":true,"E":1596634512365,"l":4498100,"M":true,"q":"248.00000000","s":"NAVBTC","a":3153038,"T":1596634512365,"e":"aggTrade","p":"0.00001257","f":4498100},{"m":true,"E":1596634512407,"l":4498101,"M":true,"q":"582.00000000","s":"NAVBTC","a":3153039,"T":1596634512406,"e":"aggTrade","p":"0.00001257","f":4498101},{"m":true,"E":1596634516143,"l":4498104,"M":true,"q":"409.00000000","s":"NAVBTC","a":3153040,"T":1596634516142,"e":"aggTrade","p":"0.00001256","f":4498102},{"m":false,"E":1596634516189,"l":4498105,"M":true,"q":"36.00000000","s":"NAVBTC","a":3153041,"T":1596634516187,"e":"aggTrade","p":"0.00001259","f":4498105},{"m":false,"E":1596634516470,"l":4498106,"M":true,"q":"16.00000000","s":"NAVBTC","a":3153042,"T":1596634516469,"e":"aggTrade","p":"0.00001259","f":4498106},{"m":false,"E":1596634516711,"l":4498107,"M":true,"q":"16.00000000","s":"NAVBTC","a":3153043,"T":1596634516709,"e":"aggTrade","p":"0.00001259","f":4498107},{"m":false,"E":1596634517079,"l":4498110,"M":true,"q":"1027.00000000","s":"NAVBTC","a":3153044,"T":1596634517077,"e":"aggTrade","p":"0.00001259","f":4498108},{"m":true,"E":1596634519488,"l":4498112,"M":true,"q":"489.00000000","s":"NAVBTC","a":3153045,"T":1596634519487,"e":"aggTrade","p":"0.00001259","f":4498111},{"m":true,"E":1596634520187,"l":4498113,"M":true,"q":"475.00000000","s":"NAVBTC","a":3153046,"T":1596634520186,"e":"aggTrade","p":"0.00001259","f":4498113},{"m":true,"E":1596634520799,"l":4498114,"M":true,"q":"82.00000000","s":"NAVBTC","a":3153047,"T":1596634520798,"e":"aggTrade","p":"0.00001259","f":4498114},{"m":false,"E":1596634520907,"l":4498115,"M":true,"q":"80.00000000","s":"NAVBTC","a":3153048,"T":1596634520906,"e":"aggTrade","p":"0.00001260","f":4498115},{"m":false,"E":1596634520971,"l":4498116,"M":true,"q":"3801.00000000","s":"NAVBTC","a":3153049,"T":1596634520970,"e":"aggTrade","p":"0.00001260","f":4498116},{"m":false,"E":1596634521058,"l":4498117,"M":true,"q":"27.00000000","s":"NAVBTC","a":3153050,"T":1596634521057,"e":"aggTrade","p":"0.00001260","f":4498117},{"m":false,"E":1596634521244,"l":4498118,"M":true,"q":"80.00000000","s":"NAVBTC","a":3153051,"T":1596634521243,"e":"aggTrade","p":"0.00001260","f":4498118},{"m":false,"E":1596634521251,"l":4498119,"M":true,"q":"301.00000000","s":"NAVBTC","a":3153052,"T":1596634521250,"e":"aggTrade","p":"0.00001260","f":4498119}],[{"m":true,"E":1596640112483,"l":4499157,"M":true,"q":"240.00000000","s":"NAVBTC","a":3153502,"T":1596640112482,"e":"aggTrade","p":"0.00001176","f":4499157},{"m":true,"E":1596640112878,"l":4499158,"M":true,"q":"69.00000000","s":"NAVBTC","a":3153503,"T":1596640112877,"e":"aggTrade","p":"0.00001176","f":4499158},{"m":true,"E":1596640118512,"l":4499159,"M":true,"q":"46.00000000","s":"NAVBTC","a":3153504,"T":1596640118511,"e":"aggTrade","p":"0.00001176","f":4499159},{"m":true,"E":1596640163020,"l":4499160,"M":true,"q":"169.00000000","s":"NAVBTC","a":3153505,"T":1596640163019,"e":"aggTrade","p":"0.00001176","f":4499160},{"m":false,"E":1596640163059,"l":4499161,"M":true,"q":"1582.00000000","s":"NAVBTC","a":3153506,"T":1596640163058,"e":"aggTrade","p":"0.00001175","f":4499161},{"m":false,"E":1596640164259,"l":4499162,"M":true,"q":"1097.00000000","s":"NAVBTC","a":3153507,"T":1596640164258,"e":"aggTrade","p":"0.00001175","f":4499162},{"m":false,"E":1596640165657,"l":4499163,"M":true,"q":"759.00000000","s":"NAVBTC","a":3153508,"T":1596640165656,"e":"aggTrade","p":"0.00001175","f":4499163},{"m":false,"E":1596640166661,"l":4499164,"M":true,"q":"431.00000000","s":"NAVBTC","a":3153509,"T":1596640166660,"e":"aggTrade","p":"0.00001175","f":4499164},{"m":false,"E":1596640167482,"l":4499165,"M":true,"q":"169.00000000","s":"NAVBTC","a":3153510,"T":1596640167481,"e":"aggTrade","p":"0.00001178","f":4499165}],[{"m":false,"E":1596640355047,"l":4499240,"M":true,"q":"4558.00000000","s":"NAVBTC","a":3153550,"T":1596640355045,"e":"aggTrade","p":"0.00001210","f":4499239},{"m":false,"E":1596640355047,"l":4499244,"M":true,"q":"437.00000000","s":"NAVBTC","a":3153551,"T":1596640355045,"e":"aggTrade","p":"0.00001211","f":4499241},{"m":false,"E":1596640356130,"l":4499246,"M":true,"q":"144.00000000","s":"NAVBTC","a":3153552,"T":1596640356129,"e":"aggTrade","p":"0.00001214","f":4499245},{"m":false,"E":1596640356139,"l":4499248,"M":true,"q":"192.00000000","s":"NAVBTC","a":3153553,"T":1596640356137,"e":"aggTrade","p":"0.00001215","f":4499247},{"m":false,"E":1596640356139,"l":4499249,"M":true,"q":"26.00000000","s":"NAVBTC","a":3153554,"T":1596640356137,"e":"aggTrade","p":"0.00001217","f":4499249},{"m":false,"E":1596640356139,"l":4499251,"M":true,"q":"201.00000000","s":"NAVBTC","a":3153555,"T":1596640356137,"e":"aggTrade","p":"0.00001218","f":4499250},{"m":true,"E":1596640357705,"l":4499252,"M":true,"q":"75.00000000","s":"NAVBTC","a":3153556,"T":1596640357704,"e":"aggTrade","p":"0.00001214","f":4499252},{"m":false,"E":1596640360117,"l":4499253,"M":true,"q":"11.00000000","s":"NAVBTC","a":3153557,"T":1596640360116,"e":"aggTrade","p":"0.00001218","f":4499253},{"m":true,"E":1596640360271,"l":4499254,"M":true,"q":"25.00000000","s":"NAVBTC","a":3153558,"T":1596640360270,"e":"aggTrade","p":"0.00001218","f":4499254},{"m":true,"E":1596640361280,"l":4499255,"M":true,"q":"107.00000000","s":"NAVBTC","a":3153559,"T":1596640361280,"e":"aggTrade","p":"0.00001218","f":4499255},{"m":false,"E":1596640363626,"l":4499258,"M":true,"q":"618.00000000","s":"NAVBTC","a":3153560,"T":1596640363624,"e":"aggTrade","p":"0.00001220","f":4499256},{"m":false,"E":1596640363626,"l":4499271,"M":true,"q":"312.00000000","s":"NAVBTC","a":3153561,"T":1596640363624,"e":"aggTrade","p":"0.00001221","f":4499259},{"m":false,"E":1596640365961,"l":4499273,"M":true,"q":"164.00000000","s":"NAVBTC","a":3153562,"T":1596640365959,"e":"aggTrade","p":"0.00001224","f":4499272},{"m":false,"E":1596640366044,"l":4499278,"M":true,"q":"224.00000000","s":"NAVBTC","a":3153563,"T":1596640366042,"e":"aggTrade","p":"0.00001224","f":4499274},{"m":false,"E":1596640366044,"l":4499280,"M":true,"q":"1002.00000000","s":"NAVBTC","a":3153564,"T":1596640366042,"e":"aggTrade","p":"0.00001225","f":4499279},{"m":false,"E":1596640366076,"l":4499281,"M":true,"q":"17.00000000","s":"NAVBTC","a":3153565,"T":1596640366075,"e":"aggTrade","p":"0.00001225","f":4499281},{"m":false,"E":1596640366081,"l":4499282,"M":true,"q":"91.00000000","s":"NAVBTC","a":3153566,"T":1596640366080,"e":"aggTrade","p":"0.00001225","f":4499282},{"m":false,"E":1596640366528,"l":4499283,"M":true,"q":"123.00000000","s":"NAVBTC","a":3153567,"T":1596640366527,"e":"aggTrade","p":"0.00001225","f":4499283},{"m":true,"E":1596640367686,"l":4499284,"M":true,"q":"122.00000000","s":"NAVBTC","a":3153568,"T":1596640367684,"e":"aggTrade","p":"0.00001221","f":4499284},{"m":true,"E":1596640370568,"l":4499285,"M":true,"q":"99.00000000","s":"NAVBTC","a":3153569,"T":1596640370566,"e":"aggTrade","p":"0.00001219","f":4499285},{"m":true,"E":1596640370568,"l":4499286,"M":true,"q":"26.00000000","s":"NAVBTC","a":3153570,"T":1596640370566,"e":"aggTrade","p":"0.00001216","f":4499286},{"m":true,"E":1596640370568,"l":4499287,"M":true,"q":"9.00000000","s":"NAVBTC","a":3153571,"T":1596640370566,"e":"aggTrade","p":"0.00001214","f":4499287},{"m":true,"E":1596640370568,"l":4499288,"M":true,"q":"294.00000000","s":"NAVBTC","a":3153572,"T":1596640370566,"e":"aggTrade","p":"0.00001210","f":4499288},{"m":true,"E":1596640374514,"l":4499289,"M":true,"q":"210.00000000","s":"NAVBTC","a":3153573,"T":1596640374513,"e":"aggTrade","p":"0.00001211","f":4499289},{"m":true,"E":1596640383422,"l":4499290,"M":true,"q":"269.00000000","s":"NAVBTC","a":3153574,"T":1596640383421,"e":"aggTrade","p":"0.00001211","f":4499290},{"m":false,"E":1596640387106,"l":4499291,"M":true,"q":"210.00000000","s":"NAVBTC","a":3153575,"T":1596640387105,"e":"aggTrade","p":"0.00001215","f":4499291},{"m":false,"E":1596640392524,"l":4499293,"M":true,"q":"205.00000000","s":"NAVBTC","a":3153576,"T":1596640392522,"e":"aggTrade","p":"0.00001221","f":4499292},{"m":false,"E":1596640392524,"l":4499295,"M":true,"q":"8076.00000000","s":"NAVBTC","a":3153577,"T":1596640392522,"e":"aggTrade","p":"0.00001222","f":4499294},{"m":false,"E":1596640392524,"l":4499296,"M":true,"q":"26.00000000","s":"NAVBTC","a":3153578,"T":1596640392522,"e":"aggTrade","p":"0.00001224","f":4499296},{"m":false,"E":1596640392524,"l":4499297,"M":true,"q":"327.00000000","s":"NAVBTC","a":3153579,"T":1596640392522,"e":"aggTrade","p":"0.00001225","f":4499297},{"m":false,"E":1596640392524,"l":4499300,"M":true,"q":"888.00000000","s":"NAVBTC","a":3153580,"T":1596640392522,"e":"aggTrade","p":"0.00001226","f":4499298},{"m":true,"E":1596640394838,"l":4499301,"M":true,"q":"3192.00000000","s":"NAVBTC","a":3153581,"T":1596640394837,"e":"aggTrade","p":"0.00001226","f":4499301},{"m":true,"E":1596640395334,"l":4499302,"M":true,"q":"3171.00000000","s":"NAVBTC","a":3153582,"T":1596640395333,"e":"aggTrade","p":"0.00001226","f":4499302},{"m":false,"E":1596640399057,"l":4499304,"M":true,"q":"463.00000000","s":"NAVBTC","a":3153583,"T":1596640399054,"e":"aggTrade","p":"0.00001228","f":4499303},{"m":false,"E":1596640399057,"l":4499307,"M":true,"q":"1861.00000000","s":"NAVBTC","a":3153584,"T":1596640399054,"e":"aggTrade","p":"0.00001229","f":4499305},{"m":false,"E":1596640399057,"l":4499310,"M":true,"q":"592.00000000","s":"NAVBTC","a":3153585,"T":1596640399054,"e":"aggTrade","p":"0.00001230","f":4499308},{"m":false,"E":1596640399057,"l":4499311,"M":true,"q":"69.00000000","s":"NAVBTC","a":3153586,"T":1596640399054,"e":"aggTrade","p":"0.00001231","f":4499311},{"m":false,"E":1596640399057,"l":4499312,"M":true,"q":"300.00000000","s":"NAVBTC","a":3153587,"T":1596640399054,"e":"aggTrade","p":"0.00001232","f":4499312},{"m":false,"E":1596640399057,"l":4499314,"M":true,"q":"1304.00000000","s":"NAVBTC","a":3153588,"T":1596640399054,"e":"aggTrade","p":"0.00001233","f":4499313},{"m":true,"E":1596640399361,"l":4499315,"M":true,"q":"428.00000000","s":"NAVBTC","a":3153589,"T":1596640399360,"e":"aggTrade","p":"0.00001234","f":4499315},{"m":true,"E":1596640400221,"l":4499316,"M":true,"q":"163.00000000","s":"NAVBTC","a":3153590,"T":1596640400220,"e":"aggTrade","p":"0.00001234","f":4499316},{"m":true,"E":1596640401802,"l":4499317,"M":true,"q":"163.00000000","s":"NAVBTC","a":3153591,"T":1596640401801,"e":"aggTrade","p":"0.00001234","f":4499317},{"m":true,"E":1596640403470,"l":4499318,"M":true,"q":"279.00000000","s":"NAVBTC","a":3153592,"T":1596640403469,"e":"aggTrade","p":"0.00001234","f":4499318},{"m":true,"E":1596640404290,"l":4499319,"M":true,"q":"116.00000000","s":"NAVBTC","a":3153593,"T":1596640404289,"e":"aggTrade","p":"0.00001223","f":4499319},{"m":true,"E":1596640405921,"l":4499320,"M":true,"q":"54.00000000","s":"NAVBTC","a":3153594,"T":1596640405920,"e":"aggTrade","p":"0.00001224","f":4499320},{"m":true,"E":1596640405930,"l":4499321,"M":true,"q":"34.00000000","s":"NAVBTC","a":3153595,"T":1596640405928,"e":"aggTrade","p":"0.00001224","f":4499321},{"m":true,"E":1596640405946,"l":4499322,"M":true,"q":"378.00000000","s":"NAVBTC","a":3153596,"T":1596640405945,"e":"aggTrade","p":"0.00001224","f":4499322},{"m":true,"E":1596640406483,"l":4499323,"M":true,"q":"54.00000000","s":"NAVBTC","a":3153597,"T":1596640406482,"e":"aggTrade","p":"0.00001225","f":4499323},{"m":false,"E":1596640407538,"l":4499324,"M":true,"q":"116.00000000","s":"NAVBTC","a":3153598,"T":1596640407537,"e":"aggTrade","p":"0.00001227","f":4499324},{"m":false,"E":1596640407538,"l":4499325,"M":true,"q":"54.00000000","s":"NAVBTC","a":3153599,"T":1596640407537,"e":"aggTrade","p":"0.00001233","f":4499325},{"m":false,"E":1596640407538,"l":4499326,"M":true,"q":"1817.00000000","s":"NAVBTC","a":3153600,"T":1596640407537,"e":"aggTrade","p":"0.00001234","f":4499326},{"m":true,"E":1596640409483,"l":4499327,"M":true,"q":"16.00000000","s":"NAVBTC","a":3153601,"T":1596640409482,"e":"aggTrade","p":"0.00001227","f":4499327},{"m":false,"E":1596640409721,"l":4499328,"M":true,"q":"15087.00000000","s":"NAVBTC","a":3153602,"T":1596640409719,"e":"aggTrade","p":"0.00001233","f":4499328},{"m":false,"E":1596640409721,"l":4499339,"M":true,"q":"882.00000000","s":"NAVBTC","a":3153603,"T":1596640409719,"e":"aggTrade","p":"0.00001234","f":4499329},{"m":false,"E":1596640409721,"l":4499341,"M":true,"q":"2077.00000000","s":"NAVBTC","a":3153604,"T":1596640409719,"e":"aggTrade","p":"0.00001235","f":4499340},{"m":false,"E":1596640409721,"l":4499342,"M":true,"q":"9.00000000","s":"NAVBTC","a":3153605,"T":1596640409719,"e":"aggTrade","p":"0.00001237","f":4499342},{"m":false,"E":1596640409721,"l":4499343,"M":true,"q":"26.00000000","s":"NAVBTC","a":3153606,"T":1596640409719,"e":"aggTrade","p":"0.00001238","f":4499343},{"m":true,"E":1596640410035,"l":4499344,"M":true,"q":"337.00000000","s":"NAVBTC","a":3153607,"T":1596640410034,"e":"aggTrade","p":"0.00001239","f":4499344},{"m":true,"E":1596640410479,"l":4499345,"M":true,"q":"119.00000000","s":"NAVBTC","a":3153608,"T":1596640410478,"e":"aggTrade","p":"0.00001239","f":4499345},{"m":true,"E":1596640411495,"l":4499346,"M":true,"q":"725.00000000","s":"NAVBTC","a":3153609,"T":1596640411494,"e":"aggTrade","p":"0.00001239","f":4499346},{"m":true,"E":1596640414314,"l":4499347,"M":true,"q":"236.00000000","s":"NAVBTC","a":3153610,"T":1596640414313,"e":"aggTrade","p":"0.00001230","f":4499347},{"m":false,"E":1596640414442,"l":4499348,"M":true,"q":"5758.00000000","s":"NAVBTC","a":3153611,"T":1596640414439,"e":"aggTrade","p":"0.00001230","f":4499348},{"m":false,"E":1596640414442,"l":4499349,"M":true,"q":"236.00000000","s":"NAVBTC","a":3153612,"T":1596640414439,"e":"aggTrade","p":"0.00001234","f":4499349},{"m":false,"E":1596640414442,"l":4499351,"M":true,"q":"566.00000000","s":"NAVBTC","a":3153613,"T":1596640414439,"e":"aggTrade","p":"0.00001240","f":4499350},{"m":false,"E":1596640414442,"l":4499354,"M":true,"q":"1121.00000000","s":"NAVBTC","a":3153614,"T":1596640414439,"e":"aggTrade","p":"0.00001241","f":4499352},{"m":false,"E":1596640414442,"l":4499355,"M":true,"q":"18.00000000","s":"NAVBTC","a":3153615,"T":1596640414439,"e":"aggTrade","p":"0.00001243","f":4499355},{"m":false,"E":1596640414442,"l":4499356,"M":true,"q":"601.00000000","s":"NAVBTC","a":3153616,"T":1596640414439,"e":"aggTrade","p":"0.00001244","f":4499356},{"m":true,"E":1596640414936,"l":4499357,"M":true,"q":"616.00000000","s":"NAVBTC","a":3153617,"T":1596640414935,"e":"aggTrade","p":"0.00001244","f":4499357},{"m":false,"E":1596640416097,"l":4499359,"M":true,"q":"17.00000000","s":"NAVBTC","a":3153618,"T":1596640416095,"e":"aggTrade","p":"0.00001245","f":4499358},{"m":true,"E":1596640416616,"l":4499360,"M":true,"q":"1500.00000000","s":"NAVBTC","a":3153619,"T":1596640416616,"e":"aggTrade","p":"0.00001244","f":4499360},{"m":false,"E":1596640417205,"l":4499361,"M":true,"q":"13.00000000","s":"NAVBTC","a":3153620,"T":1596640417204,"e":"aggTrade","p":"0.00001245","f":4499361},{"m":true,"E":1596640417542,"l":4499362,"M":true,"q":"164.00000000","s":"NAVBTC","a":3153621,"T":1596640417541,"e":"aggTrade","p":"0.00001244","f":4499362},{"m":true,"E":1596640418290,"l":4499363,"M":true,"q":"9.00000000","s":"NAVBTC","a":3153622,"T":1596640418288,"e":"aggTrade","p":"0.00001237","f":4499363},{"m":true,"E":1596640418290,"l":4499364,"M":true,"q":"4.00000000","s":"NAVBTC","a":3153623,"T":1596640418288,"e":"aggTrade","p":"0.00001233","f":4499364},{"m":false,"E":1596640418759,"l":4499365,"M":true,"q":"41.00000000","s":"NAVBTC","a":3153624,"T":1596640418758,"e":"aggTrade","p":"0.00001239","f":4499365},{"m":false,"E":1596640418834,"l":4499366,"M":true,"q":"33.00000000","s":"NAVBTC","a":3153625,"T":1596640418832,"e":"aggTrade","p":"0.00001239","f":4499366},{"m":false,"E":1596640418849,"l":4499367,"M":true,"q":"17.00000000","s":"NAVBTC","a":3153626,"T":1596640418848,"e":"aggTrade","p":"0.00001239","f":4499367},{"m":true,"E":1596640418857,"l":4499368,"M":true,"q":"17.00000000","s":"NAVBTC","a":3153627,"T":1596640418856,"e":"aggTrade","p":"0.00001236","f":4499368},{"m":true,"E":1596640418857,"l":4499369,"M":true,"q":"16.00000000","s":"NAVBTC","a":3153628,"T":1596640418856,"e":"aggTrade","p":"0.00001233","f":4499369},{"m":true,"E":1596640418857,"l":4499370,"M":true,"q":"91.00000000","s":"NAVBTC","a":3153629,"T":1596640418856,"e":"aggTrade","p":"0.00001230","f":4499370},{"m":true,"E":1596640418860,"l":4499371,"M":true,"q":"405.00000000","s":"NAVBTC","a":3153630,"T":1596640418858,"e":"aggTrade","p":"0.00001230","f":4499371},{"m":true,"E":1596640418860,"l":4499373,"M":true,"q":"35.00000000","s":"NAVBTC","a":3153631,"T":1596640418858,"e":"aggTrade","p":"0.00001229","f":4499372},{"m":true,"E":1596640418860,"l":4499374,"M":true,"q":"109.00000000","s":"NAVBTC","a":3153632,"T":1596640418858,"e":"aggTrade","p":"0.00001227","f":4499374},{"m":true,"E":1596640418860,"l":4499375,"M":true,"q":"20.00000000","s":"NAVBTC","a":3153633,"T":1596640418858,"e":"aggTrade","p":"0.00001225","f":4499375},{"m":true,"E":1596640418860,"l":4499376,"M":true,"q":"26.00000000","s":"NAVBTC","a":3153634,"T":1596640418858,"e":"aggTrade","p":"0.00001222","f":4499376},{"m":true,"E":1596640418860,"l":4499377,"M":true,"q":"9.00000000","s":"NAVBTC","a":3153635,"T":1596640418858,"e":"aggTrade","p":"0.00001221","f":4499377},{"m":true,"E":1596640418860,"l":4499378,"M":true,"q":"496.00000000","s":"NAVBTC","a":3153636,"T":1596640418858,"e":"aggTrade","p":"0.00001220","f":4499378},{"m":true,"E":1596640418860,"l":4499379,"M":true,"q":"742.00000000","s":"NAVBTC","a":3153637,"T":1596640418858,"e":"aggTrade","p":"0.00001219","f":4499379},{"m":true,"E":1596640418860,"l":4499380,"M":true,"q":"987.00000000","s":"NAVBTC","a":3153638,"T":1596640418858,"e":"aggTrade","p":"0.00001219","f":4499380},{"m":false,"E":1596640418864,"l":4499381,"M":true,"q":"25.00000000","s":"NAVBTC","a":3153639,"T":1596640418863,"e":"aggTrade","p":"0.00001219","f":4499381},{"m":false,"E":1596640418866,"l":4499382,"M":true,"q":"33.00000000","s":"NAVBTC","a":3153640,"T":1596640418865,"e":"aggTrade","p":"0.00001219","f":4499382},{"m":false,"E":1596640418873,"l":4499383,"M":true,"q":"402.00000000","s":"NAVBTC","a":3153641,"T":1596640418872,"e":"aggTrade","p":"0.00001219","f":4499383},{"m":false,"E":1596640418896,"l":4499384,"M":true,"q":"18.00000000","s":"NAVBTC","a":3153642,"T":1596640418895,"e":"aggTrade","p":"0.00001219","f":4499384},{"m":false,"E":1596640418968,"l":4499385,"M":true,"q":"25.00000000","s":"NAVBTC","a":3153643,"T":1596640418967,"e":"aggTrade","p":"0.00001236","f":4499385},{"m":false,"E":1596640418993,"l":4499386,"M":true,"q":"121.00000000","s":"NAVBTC","a":3153644,"T":1596640418992,"e":"aggTrade","p":"0.00001236","f":4499386},{"m":false,"E":1596640419038,"l":4499388,"M":true,"q":"81.00000000","s":"NAVBTC","a":3153645,"T":1596640419037,"e":"aggTrade","p":"0.00001236","f":4499387},{"m":false,"E":1596640419060,"l":4499389,"M":true,"q":"81.00000000","s":"NAVBTC","a":3153646,"T":1596640419059,"e":"aggTrade","p":"0.00001236","f":4499389},{"m":false,"E":1596640419061,"l":4499391,"M":true,"q":"81.00000000","s":"NAVBTC","a":3153647,"T":1596640419059,"e":"aggTrade","p":"0.00001236","f":4499390},{"m":false,"E":1596640419165,"l":4499393,"M":true,"q":"161.00000000","s":"NAVBTC","a":3153648,"T":1596640419164,"e":"aggTrade","p":"0.00001236","f":4499392},{"m":false,"E":1596640419215,"l":4499394,"M":true,"q":"113.00000000","s":"NAVBTC","a":3153649,"T":1596640419214,"e":"aggTrade","p":"0.00001236","f":4499394},{"m":false,"E":1596640419239,"l":4499396,"M":true,"q":"33.00000000","s":"NAVBTC","a":3153650,"T":1596640419237,"e":"aggTrade","p":"0.00001236","f":4499395},{"m":false,"E":1596640419407,"l":4499397,"M":true,"q":"161.00000000","s":"NAVBTC","a":3153651,"T":1596640419405,"e":"aggTrade","p":"0.00001234","f":4499397},{"m":false,"E":1596640419863,"l":4499398,"M":true,"q":"161.00000000","s":"NAVBTC","a":3153652,"T":1596640419861,"e":"aggTrade","p":"0.00001234","f":4499398},{"m":true,"E":1596640419896,"l":4499399,"M":true,"q":"18.00000000","s":"NAVBTC","a":3153653,"T":1596640419895,"e":"aggTrade","p":"0.00001233","f":4499399},{"m":false,"E":1596640420675,"l":4499400,"M":true,"q":"79.00000000","s":"NAVBTC","a":3153654,"T":1596640420672,"e":"aggTrade","p":"0.00001234","f":4499400},{"m":false,"E":1596640420675,"l":4499406,"M":true,"q":"1033.00000000","s":"NAVBTC","a":3153655,"T":1596640420672,"e":"aggTrade","p":"0.00001236","f":4499401},{"m":false,"E":1596640420675,"l":4499407,"M":true,"q":"81.00000000","s":"NAVBTC","a":3153656,"T":1596640420672,"e":"aggTrade","p":"0.00001239","f":4499407},{"m":false,"E":1596640420675,"l":4499409,"M":true,"q":"242.00000000","s":"NAVBTC","a":3153657,"T":1596640420672,"e":"aggTrade","p":"0.00001240","f":4499408},{"m":false,"E":1596640420675,"l":4499410,"M":true,"q":"81.00000000","s":"NAVBTC","a":3153658,"T":1596640420672,"e":"aggTrade","p":"0.00001241","f":4499410},{"m":false,"E":1596640420675,"l":4499412,"M":true,"q":"274.00000000","s":"NAVBTC","a":3153659,"T":1596640420672,"e":"aggTrade","p":"0.00001242","f":4499411},{"m":false,"E":1596640420675,"l":4499413,"M":true,"q":"33.00000000","s":"NAVBTC","a":3153660,"T":1596640420672,"e":"aggTrade","p":"0.00001244","f":4499413},{"m":false,"E":1596640420675,"l":4499418,"M":true,"q":"1441.00000000","s":"NAVBTC","a":3153661,"T":1596640420672,"e":"aggTrade","p":"0.00001245","f":4499414},{"m":false,"E":1596640420675,"l":4499420,"M":true,"q":"1072.00000000","s":"NAVBTC","a":3153662,"T":1596640420672,"e":"aggTrade","p":"0.00001247","f":4499419},{"m":true,"E":1596640421324,"l":4499421,"M":true,"q":"26.00000000","s":"NAVBTC","a":3153663,"T":1596640421323,"e":"aggTrade","p":"0.00001235","f":4499421},{"m":true,"E":1596640421406,"l":4499422,"M":true,"q":"9.00000000","s":"NAVBTC","a":3153664,"T":1596640421405,"e":"aggTrade","p":"0.00001235","f":4499422},{"m":true,"E":1596640422726,"l":4499423,"M":true,"q":"78.00000000","s":"NAVBTC","a":3153665,"T":1596640422724,"e":"aggTrade","p":"0.00001235","f":4499423},{"m":false,"E":1596640423049,"l":4499424,"M":true,"q":"18.00000000","s":"NAVBTC","a":3153666,"T":1596640423048,"e":"aggTrade","p":"0.00001236","f":4499424},{"m":true,"E":1596640424001,"l":4499425,"M":true,"q":"8.00000000","s":"NAVBTC","a":3153667,"T":1596640423999,"e":"aggTrade","p":"0.00001236","f":4499425},{"m":true,"E":1596640424001,"l":4499426,"M":true,"q":"3.00000000","s":"NAVBTC","a":3153668,"T":1596640423999,"e":"aggTrade","p":"0.00001233","f":4499426},{"m":true,"E":1596640424001,"l":4499427,"M":true,"q":"33.00000000","s":"NAVBTC","a":3153669,"T":1596640423999,"e":"aggTrade","p":"0.00001232","f":4499427},{"m":true,"E":1596640424001,"l":4499430,"M":true,"q":"91.00000000","s":"NAVBTC","a":3153670,"T":1596640423999,"e":"aggTrade","p":"0.00001230","f":4499428},{"m":false,"E":1596640424368,"l":4499431,"M":true,"q":"361.00000000","s":"NAVBTC","a":3153671,"T":1596640424367,"e":"aggTrade","p":"0.00001230","f":4499431},{"m":false,"E":1596640424390,"l":4499432,"M":true,"q":"9.00000000","s":"NAVBTC","a":3153672,"T":1596640424389,"e":"aggTrade","p":"0.00001237","f":4499432},{"m":true,"E":1596640425641,"l":4499433,"M":true,"q":"25.00000000","s":"NAVBTC","a":3153673,"T":1596640425640,"e":"aggTrade","p":"0.00001229","f":4499433},{"m":true,"E":1596640431750,"l":4499434,"M":true,"q":"9.00000000","s":"NAVBTC","a":3153674,"T":1596640431749,"e":"aggTrade","p":"0.00001229","f":4499434},{"m":true,"E":1596640431750,"l":4499435,"M":true,"q":"82.00000000","s":"NAVBTC","a":3153675,"T":1596640431749,"e":"aggTrade","p":"0.00001228","f":4499435},{"m":false,"E":1596640432126,"l":4499436,"M":true,"q":"91.00000000","s":"NAVBTC","a":3153676,"T":1596640432124,"e":"aggTrade","p":"0.00001228","f":4499436},{"m":true,"E":1596640432265,"l":4499438,"M":true,"q":"91.00000000","s":"NAVBTC","a":3153677,"T":1596640432264,"e":"aggTrade","p":"0.00001222","f":4499437},{"m":true,"E":1596640432401,"l":4499439,"M":true,"q":"214.00000000","s":"NAVBTC","a":3153678,"T":1596640432400,"e":"aggTrade","p":"0.00001222","f":4499439},{"m":true,"E":1596640432646,"l":4499440,"M":true,"q":"240.00000000","s":"NAVBTC","a":3153679,"T":1596640432645,"e":"aggTrade","p":"0.00001222","f":4499440},{"m":true,"E":1596640433019,"l":4499441,"M":true,"q":"240.00000000","s":"NAVBTC","a":3153680,"T":1596640433017,"e":"aggTrade","p":"0.00001223","f":4499441},{"m":true,"E":1596640433403,"l":4499442,"M":true,"q":"240.00000000","s":"NAVBTC","a":3153681,"T":1596640433401,"e":"aggTrade","p":"0.00001223","f":4499442},{"m":true,"E":1596640433697,"l":4499443,"M":true,"q":"329.00000000","s":"NAVBTC","a":3153682,"T":1596640433696,"e":"aggTrade","p":"0.00001223","f":4499443},{"m":true,"E":1596640433697,"l":4499445,"M":true,"q":"905.00000000","s":"NAVBTC","a":3153683,"T":1596640433696,"e":"aggTrade","p":"0.00001221","f":4499444},{"m":true,"E":1596640434076,"l":4499446,"M":true,"q":"240.00000000","s":"NAVBTC","a":3153684,"T":1596640434075,"e":"aggTrade","p":"0.00001221","f":4499446},{"m":true,"E":1596640434498,"l":4499447,"M":true,"q":"146.00000000","s":"NAVBTC","a":3153685,"T":1596640434497,"e":"aggTrade","p":"0.00001221","f":4499447},{"m":true,"E":1596640434498,"l":4499448,"M":true,"q":"94.00000000","s":"NAVBTC","a":3153686,"T":1596640434497,"e":"aggTrade","p":"0.00001220","f":4499448},{"m":true,"E":1596640434499,"l":4499449,"M":true,"q":"402.00000000","s":"NAVBTC","a":3153687,"T":1596640434497,"e":"aggTrade","p":"0.00001220","f":4499449},{"m":false,"E":1596640434558,"l":4499450,"M":true,"q":"26.00000000","s":"NAVBTC","a":3153688,"T":1596640434557,"e":"aggTrade","p":"0.00001220","f":4499450},{"m":false,"E":1596640434613,"l":4499451,"M":true,"q":"634.00000000","s":"NAVBTC","a":3153689,"T":1596640434612,"e":"aggTrade","p":"0.00001220","f":4499451},{"m":false,"E":1596640434696,"l":4499453,"M":true,"q":"488.00000000","s":"NAVBTC","a":3153690,"T":1596640434695,"e":"aggTrade","p":"0.00001220","f":4499452},{"m":true,"E":1596640434964,"l":4499456,"M":true,"q":"240.00000000","s":"NAVBTC","a":3153691,"T":1596640434963,"e":"aggTrade","p":"0.00001219","f":4499454},{"m":false,"E":1596640435327,"l":4499457,"M":true,"q":"102.00000000","s":"NAVBTC","a":3153692,"T":1596640435326,"e":"aggTrade","p":"0.00001221","f":4499457},{"m":true,"E":1596640435354,"l":4499458,"M":true,"q":"32.00000000","s":"NAVBTC","a":3153693,"T":1596640435353,"e":"aggTrade","p":"0.00001219","f":4499458},{"m":true,"E":1596640435354,"l":4499459,"M":true,"q":"208.00000000","s":"NAVBTC","a":3153694,"T":1596640435353,"e":"aggTrade","p":"0.00001218","f":4499459},{"m":true,"E":1596640435354,"l":4499460,"M":true,"q":"20.00000000","s":"NAVBTC","a":3153695,"T":1596640435353,"e":"aggTrade","p":"0.00001218","f":4499460},{"m":true,"E":1596640435734,"l":4499461,"M":true,"q":"240.00000000","s":"NAVBTC","a":3153696,"T":1596640435734,"e":"aggTrade","p":"0.00001218","f":4499461},{"m":true,"E":1596640436120,"l":4499462,"M":true,"q":"240.00000000","s":"NAVBTC","a":3153697,"T":1596640436119,"e":"aggTrade","p":"0.00001219","f":4499462},{"m":true,"E":1596640436593,"l":4499463,"M":true,"q":"240.00000000","s":"NAVBTC","a":3153698,"T":1596640436592,"e":"aggTrade","p":"0.00001219","f":4499463},{"m":true,"E":1596640437049,"l":4499465,"M":true,"q":"583.00000000","s":"NAVBTC","a":3153699,"T":1596640437048,"e":"aggTrade","p":"0.00001219","f":4499464},{"m":true,"E":1596640437049,"l":4499466,"M":true,"q":"649.00000000","s":"NAVBTC","a":3153700,"T":1596640437048,"e":"aggTrade","p":"0.00001218","f":4499466},{"m":true,"E":1596640437427,"l":4499467,"M":true,"q":"240.00000000","s":"NAVBTC","a":3153701,"T":1596640437426,"e":"aggTrade","p":"0.00001218","f":4499467},{"m":false,"E":1596640439331,"l":4499468,"M":true,"q":"30.00000000","s":"NAVBTC","a":3153702,"T":1596640439330,"e":"aggTrade","p":"0.00001220","f":4499468},{"m":false,"E":1596640447352,"l":4499469,"M":true,"q":"1283.00000000","s":"NAVBTC","a":3153703,"T":1596640447351,"e":"aggTrade","p":"0.00001219","f":4499469},{"m":false,"E":1596640447352,"l":4499470,"M":true,"q":"2479.00000000","s":"NAVBTC","a":3153704,"T":1596640447351,"e":"aggTrade","p":"0.00001220","f":4499470},{"m":false,"E":1596640452202,"l":4499472,"M":true,"q":"97.00000000","s":"NAVBTC","a":3153705,"T":1596640452201,"e":"aggTrade","p":"0.00001221","f":4499471},{"m":false,"E":1596640452202,"l":4499474,"M":true,"q":"642.00000000","s":"NAVBTC","a":3153706,"T":1596640452201,"e":"aggTrade","p":"0.00001226","f":4499473},{"m":true,"E":1596640453020,"l":4499475,"M":true,"q":"247.00000000","s":"NAVBTC","a":3153707,"T":1596640453019,"e":"aggTrade","p":"0.00001217","f":4499475},{"m":true,"E":1596640453053,"l":4499476,"M":true,"q":"26.00000000","s":"NAVBTC","a":3153708,"T":1596640453051,"e":"aggTrade","p":"0.00001216","f":4499476},{"m":true,"E":1596640453053,"l":4499477,"M":true,"q":"22.00000000","s":"NAVBTC","a":3153709,"T":1596640453051,"e":"aggTrade","p":"0.00001215","f":4499477},{"m":true,"E":1596640453053,"l":4499480,"M":true,"q":"232.00000000","s":"NAVBTC","a":3153710,"T":1596640453051,"e":"aggTrade","p":"0.00001214","f":4499478},{"m":false,"E":1596640454881,"l":4499481,"M":true,"q":"16.00000000","s":"NAVBTC","a":3153711,"T":1596640454880,"e":"aggTrade","p":"0.00001219","f":4499481},{"m":false,"E":1596640461346,"l":4499482,"M":true,"q":"16.00000000","s":"NAVBTC","a":3153712,"T":1596640461345,"e":"aggTrade","p":"0.00001213","f":4499482},{"m":true,"E":1596640462326,"l":4499483,"M":true,"q":"38.00000000","s":"NAVBTC","a":3153713,"T":1596640462325,"e":"aggTrade","p":"0.00001211","f":4499483},{"m":false,"E":1596640462339,"l":4499484,"M":true,"q":"116.00000000","s":"NAVBTC","a":3153714,"T":1596640462338,"e":"aggTrade","p":"0.00001213","f":4499484},{"m":false,"E":1596640462785,"l":4499485,"M":true,"q":"659.00000000","s":"NAVBTC","a":3153715,"T":1596640462784,"e":"aggTrade","p":"0.00001213","f":4499485},{"m":false,"E":1596640462785,"l":4499486,"M":true,"q":"6749.00000000","s":"NAVBTC","a":3153716,"T":1596640462784,"e":"aggTrade","p":"0.00001214","f":4499486},{"m":true,"E":1596640463636,"l":4499487,"M":true,"q":"202.00000000","s":"NAVBTC","a":3153717,"T":1596640463635,"e":"aggTrade","p":"0.00001210","f":4499487},{"m":false,"E":1596640465828,"l":4499488,"M":true,"q":"207.00000000","s":"NAVBTC","a":3153718,"T":1596640465827,"e":"aggTrade","p":"0.00001213","f":4499488},{"m":true,"E":1596640471251,"l":4499490,"M":true,"q":"46.00000000","s":"NAVBTC","a":3153719,"T":1596640471249,"e":"aggTrade","p":"0.00001209","f":4499489},{"m":true,"E":1596640472274,"l":4499492,"M":true,"q":"102.00000000","s":"NAVBTC","a":3153720,"T":1596640472273,"e":"aggTrade","p":"0.00001208","f":4499491}],[{"m":true,"E":1596640492238,"l":4499493,"M":true,"q":"90.00000000","s":"NAVBTC","a":3153721,"T":1596640492237,"e":"aggTrade","p":"0.00001207","f":4499493},{"m":false,"E":1596640492346,"l":4499494,"M":true,"q":"16.00000000","s":"NAVBTC","a":3153722,"T":1596640492345,"e":"aggTrade","p":"0.00001209","f":4499494},{"m":false,"E":1596640496215,"l":4499496,"M":true,"q":"1119.00000000","s":"NAVBTC","a":3153723,"T":1596640496213,"e":"aggTrade","p":"0.00001209","f":4499495},{"m":false,"E":1596640497044,"l":4499497,"M":true,"q":"90.00000000","s":"NAVBTC","a":3153724,"T":1596640497043,"e":"aggTrade","p":"0.00001212","f":4499497},{"m":true,"E":1596640500271,"l":4499498,"M":true,"q":"93.00000000","s":"NAVBTC","a":3153725,"T":1596640500269,"e":"aggTrade","p":"0.00001209","f":4499498},{"m":true,"E":1596640500271,"l":4499499,"M":true,"q":"1391.00000000","s":"NAVBTC","a":3153726,"T":1596640500269,"e":"aggTrade","p":"0.00001208","f":4499499},{"m":true,"E":1596640500271,"l":4499505,"M":true,"q":"6768.00000000","s":"NAVBTC","a":3153727,"T":1596640500269,"e":"aggTrade","p":"0.00001206","f":4499500},{"m":true,"E":1596640500271,"l":4499506,"M":true,"q":"70.00000000","s":"NAVBTC","a":3153728,"T":1596640500269,"e":"aggTrade","p":"0.00001205","f":4499506},{"m":true,"E":1596640500271,"l":4499508,"M":true,"q":"650.00000000","s":"NAVBTC","a":3153729,"T":1596640500269,"e":"aggTrade","p":"0.00001203","f":4499507},{"m":true,"E":1596640500341,"l":4499509,"M":true,"q":"50.00000000","s":"NAVBTC","a":3153730,"T":1596640500340,"e":"aggTrade","p":"0.00001202","f":4499509},{"m":true,"E":1596640500399,"l":4499510,"M":true,"q":"10.00000000","s":"NAVBTC","a":3153731,"T":1596640500397,"e":"aggTrade","p":"0.00001201","f":4499510},{"m":true,"E":1596640500399,"l":4499512,"M":true,"q":"505.00000000","s":"NAVBTC","a":3153732,"T":1596640500397,"e":"aggTrade","p":"0.00001200","f":4499511},{"m":false,"E":1596640502353,"l":4499513,"M":true,"q":"65.00000000","s":"NAVBTC","a":3153733,"T":1596640502352,"e":"aggTrade","p":"0.00001201","f":4499513},{"m":true,"E":1596640502843,"l":4499515,"M":true,"q":"40.00000000","s":"NAVBTC","a":3153734,"T":1596640502842,"e":"aggTrade","p":"0.00001198","f":4499514},{"m":false,"E":1596640503355,"l":4499516,"M":true,"q":"28.00000000","s":"NAVBTC","a":3153735,"T":1596640503354,"e":"aggTrade","p":"0.00001199","f":4499516},{"m":false,"E":1596640503355,"l":4499517,"M":true,"q":"23.00000000","s":"NAVBTC","a":3153736,"T":1596640503354,"e":"aggTrade","p":"0.00001200","f":4499517},{"m":true,"E":1596640503443,"l":4499520,"M":true,"q":"797.00000000","s":"NAVBTC","a":3153737,"T":1596640503442,"e":"aggTrade","p":"0.00001198","f":4499518},{"m":false,"E":1596640503958,"l":4499521,"M":true,"q":"855.00000000","s":"NAVBTC","a":3153738,"T":1596640503957,"e":"aggTrade","p":"0.00001202","f":4499521},{"m":false,"E":1596640505847,"l":4499522,"M":true,"q":"9.00000000","s":"NAVBTC","a":3153739,"T":1596640505845,"e":"aggTrade","p":"0.00001206","f":4499522},{"m":true,"E":1596640505949,"l":4499523,"M":true,"q":"7.00000000","s":"NAVBTC","a":3153740,"T":1596640505948,"e":"aggTrade","p":"0.00001207","f":4499523},{"m":true,"E":1596640505949,"l":4499524,"M":true,"q":"906.00000000","s":"NAVBTC","a":3153741,"T":1596640505948,"e":"aggTrade","p":"0.00001200","f":4499524},{"m":true,"E":1596640508066,"l":4499525,"M":true,"q":"485.00000000","s":"NAVBTC","a":3153742,"T":1596640508065,"e":"aggTrade","p":"0.00001200","f":4499525},{"m":true,"E":1596640508066,"l":4499526,"M":true,"q":"251.00000000","s":"NAVBTC","a":3153743,"T":1596640508065,"e":"aggTrade","p":"0.00001199","f":4499526},{"m":true,"E":1596640514368,"l":4499527,"M":true,"q":"963.00000000","s":"NAVBTC","a":3153744,"T":1596640514366,"e":"aggTrade","p":"0.00001203","f":4499527},{"m":true,"E":1596640514368,"l":4499528,"M":true,"q":"2591.00000000","s":"NAVBTC","a":3153745,"T":1596640514366,"e":"aggTrade","p":"0.00001202","f":4499528},{"m":true,"E":1596640514368,"l":4499529,"M":true,"q":"1413.00000000","s":"NAVBTC","a":3153746,"T":1596640514366,"e":"aggTrade","p":"0.00001200","f":4499529},{"m":true,"E":1596640514368,"l":4499531,"M":true,"q":"8295.00000000","s":"NAVBTC","a":3153747,"T":1596640514366,"e":"aggTrade","p":"0.00001199","f":4499530},{"m":true,"E":1596640514368,"l":4499532,"M":true,"q":"9.00000000","s":"NAVBTC","a":3153748,"T":1596640514366,"e":"aggTrade","p":"0.00001198","f":4499532},{"m":true,"E":1596640514426,"l":4499534,"M":true,"q":"48.00000000","s":"NAVBTC","a":3153749,"T":1596640514424,"e":"aggTrade","p":"0.00001197","f":4499533},{"m":true,"E":1596640514426,"l":4499536,"M":true,"q":"1379.00000000","s":"NAVBTC","a":3153750,"T":1596640514424,"e":"aggTrade","p":"0.00001196","f":4499535},{"m":true,"E":1596640517478,"l":4499537,"M":true,"q":"513.00000000","s":"NAVBTC","a":3153751,"T":1596640517476,"e":"aggTrade","p":"0.00001196","f":4499537},{"m":true,"E":1596640517478,"l":4499539,"M":true,"q":"233.00000000","s":"NAVBTC","a":3153752,"T":1596640517476,"e":"aggTrade","p":"0.00001195","f":4499538},{"m":false,"E":1596640523355,"l":4499540,"M":true,"q":"116.00000000","s":"NAVBTC","a":3153753,"T":1596640523354,"e":"aggTrade","p":"0.00001197","f":4499540},{"m":true,"E":1596640529573,"l":4499541,"M":true,"q":"1391.00000000","s":"NAVBTC","a":3153754,"T":1596640529568,"e":"aggTrade","p":"0.00001195","f":4499541},{"m":true,"E":1596640529573,"l":4499542,"M":true,"q":"739.00000000","s":"NAVBTC","a":3153755,"T":1596640529568,"e":"aggTrade","p":"0.00001194","f":4499542},{"m":true,"E":1596640529573,"l":4499544,"M":true,"q":"321.00000000","s":"NAVBTC","a":3153756,"T":1596640529568,"e":"aggTrade","p":"0.00001193","f":4499543},{"m":true,"E":1596640529573,"l":4499547,"M":true,"q":"6458.00000000","s":"NAVBTC","a":3153757,"T":1596640529568,"e":"aggTrade","p":"0.00001191","f":4499545},{"m":true,"E":1596640529573,"l":4499549,"M":true,"q":"505.00000000","s":"NAVBTC","a":3153758,"T":1596640529568,"e":"aggTrade","p":"0.00001190","f":4499548},{"m":true,"E":1596640529573,"l":4499550,"M":true,"q":"120.00000000","s":"NAVBTC","a":3153759,"T":1596640529568,"e":"aggTrade","p":"0.00001189","f":4499550},{"m":true,"E":1596640529573,"l":4499554,"M":true,"q":"1694.00000000","s":"NAVBTC","a":3153760,"T":1596640529568,"e":"aggTrade","p":"0.00001188","f":4499551},{"m":true,"E":1596640529573,"l":4499556,"M":true,"q":"4570.00000000","s":"NAVBTC","a":3153761,"T":1596640529568,"e":"aggTrade","p":"0.00001187","f":4499555},{"m":true,"E":1596640529573,"l":4499558,"M":true,"q":"1758.00000000","s":"NAVBTC","a":3153762,"T":1596640529568,"e":"aggTrade","p":"0.00001186","f":4499557},{"m":true,"E":1596640529573,"l":4499562,"M":true,"q":"889.00000000","s":"NAVBTC","a":3153763,"T":1596640529568,"e":"aggTrade","p":"0.00001185","f":4499559},{"m":true,"E":1596640529588,"l":4499563,"M":true,"q":"144.00000000","s":"NAVBTC","a":3153764,"T":1596640529586,"e":"aggTrade","p":"0.00001184","f":4499563},{"m":false,"E":1596640529722,"l":4499564,"M":true,"q":"96.00000000","s":"NAVBTC","a":3153765,"T":1596640529721,"e":"aggTrade","p":"0.00001185","f":4499564},{"m":true,"E":1596640529782,"l":4499566,"M":true,"q":"452.00000000","s":"NAVBTC","a":3153766,"T":1596640529780,"e":"aggTrade","p":"0.00001184","f":4499565},{"m":true,"E":1596640529782,"l":4499567,"M":true,"q":"9.00000000","s":"NAVBTC","a":3153767,"T":1596640529780,"e":"aggTrade","p":"0.00001183","f":4499567},{"m":true,"E":1596640529782,"l":4499570,"M":true,"q":"935.00000000","s":"NAVBTC","a":3153768,"T":1596640529780,"e":"aggTrade","p":"0.00001182","f":4499568},{"m":false,"E":1596640530234,"l":4499571,"M":true,"q":"12998.00000000","s":"NAVBTC","a":3153769,"T":1596640530232,"e":"aggTrade","p":"0.00001185","f":4499571},{"m":false,"E":1596640530361,"l":4499572,"M":true,"q":"96.00000000","s":"NAVBTC","a":3153770,"T":1596640530360,"e":"aggTrade","p":"0.00001185","f":4499572},{"m":false,"E":1596640531138,"l":4499573,"M":true,"q":"71.00000000","s":"NAVBTC","a":3153771,"T":1596640531137,"e":"aggTrade","p":"0.00001184","f":4499573},{"m":false,"E":1596640531516,"l":4499574,"M":true,"q":"29.00000000","s":"NAVBTC","a":3153772,"T":1596640531515,"e":"aggTrade","p":"0.00001184","f":4499574},{"m":false,"E":1596640531821,"l":4499575,"M":true,"q":"1291.00000000","s":"NAVBTC","a":3153773,"T":1596640531820,"e":"aggTrade","p":"0.00001184","f":4499575},{"m":false,"E":1596640531821,"l":4499576,"M":true,"q":"466.00000000","s":"NAVBTC","a":3153774,"T":1596640531820,"e":"aggTrade","p":"0.00001185","f":4499576},{"m":true,"E":1596640532837,"l":4499577,"M":true,"q":"515.00000000","s":"NAVBTC","a":3153775,"T":1596640532836,"e":"aggTrade","p":"0.00001183","f":4499577},{"m":false,"E":1596640535363,"l":4499578,"M":true,"q":"9.00000000","s":"NAVBTC","a":3153776,"T":1596640535361,"e":"aggTrade","p":"0.00001190","f":4499578},{"m":false,"E":1596640535363,"l":4499582,"M":true,"q":"107.00000000","s":"NAVBTC","a":3153777,"T":1596640535361,"e":"aggTrade","p":"0.00001193","f":4499579},{"m":true,"E":1596640536580,"l":4499583,"M":true,"q":"1391.00000000","s":"NAVBTC","a":3153778,"T":1596640536576,"e":"aggTrade","p":"0.00001186","f":4499583},{"m":true,"E":1596640536580,"l":4499586,"M":true,"q":"7423.00000000","s":"NAVBTC","a":3153779,"T":1596640536576,"e":"aggTrade","p":"0.00001185","f":4499584},{"m":true,"E":1596640536580,"l":4499587,"M":true,"q":"9.00000000","s":"NAVBTC","a":3153780,"T":1596640536576,"e":"aggTrade","p":"0.00001183","f":4499587},{"m":true,"E":1596640536580,"l":4499588,"M":true,"q":"1050.00000000","s":"NAVBTC","a":3153781,"T":1596640536576,"e":"aggTrade","p":"0.00001182","f":4499588},{"m":true,"E":1596640536580,"l":4499589,"M":true,"q":"153.00000000","s":"NAVBTC","a":3153782,"T":1596640536576,"e":"aggTrade","p":"0.00001181","f":4499589},{"m":true,"E":1596640536580,"l":4499591,"M":true,"q":"529.00000000","s":"NAVBTC","a":3153783,"T":1596640536576,"e":"aggTrade","p":"0.00001180","f":4499590},{"m":true,"E":1596640536580,"l":4499592,"M":true,"q":"22.00000000","s":"NAVBTC","a":3153784,"T":1596640536576,"e":"aggTrade","p":"0.00001179","f":4499592},{"m":true,"E":1596640536580,"l":4499607,"M":true,"q":"346.00000000","s":"NAVBTC","a":3153785,"T":1596640536576,"e":"aggTrade","p":"0.00001177","f":4499593},{"m":false,"E":1596640536602,"l":4499608,"M":true,"q":"1783.00000000","s":"NAVBTC","a":3153786,"T":1596640536600,"e":"aggTrade","p":"0.00001177","f":4499608},{"m":false,"E":1596640536769,"l":4499609,"M":true,"q":"725.00000000","s":"NAVBTC","a":3153787,"T":1596640536768,"e":"aggTrade","p":"0.00001176","f":4499609},{"m":false,"E":1596640539371,"l":4499610,"M":true,"q":"116.00000000","s":"NAVBTC","a":3153788,"T":1596640539370,"e":"aggTrade","p":"0.00001176","f":4499610},{"m":false,"E":1596640539620,"l":4499611,"M":true,"q":"1275.00000000","s":"NAVBTC","a":3153789,"T":1596640539619,"e":"aggTrade","p":"0.00001176","f":4499611},{"m":false,"E":1596640539620,"l":4499612,"M":true,"q":"2028.00000000","s":"NAVBTC","a":3153790,"T":1596640539619,"e":"aggTrade","p":"0.00001177","f":4499612},{"m":false,"E":1596640539918,"l":4499613,"M":true,"q":"632.00000000","s":"NAVBTC","a":3153791,"T":1596640539917,"e":"aggTrade","p":"0.00001177","f":4499613},{"m":true,"E":1596640542963,"l":4499615,"M":true,"q":"4448.00000000","s":"NAVBTC","a":3153792,"T":1596640542960,"e":"aggTrade","p":"0.00001176","f":4499614},{"m":true,"E":1596640542963,"l":4499616,"M":true,"q":"70.00000000","s":"NAVBTC","a":3153793,"T":1596640542960,"e":"aggTrade","p":"0.00001175","f":4499616},{"m":true,"E":1596640542963,"l":4499618,"M":true,"q":"352.00000000","s":"NAVBTC","a":3153794,"T":1596640542960,"e":"aggTrade","p":"0.00001174","f":4499617},{"m":true,"E":1596640542963,"l":4499620,"M":true,"q":"2493.00000000","s":"NAVBTC","a":3153795,"T":1596640542960,"e":"aggTrade","p":"0.00001173","f":4499619},{"m":true,"E":1596640542963,"l":4499621,"M":true,"q":"290.00000000","s":"NAVBTC","a":3153796,"T":1596640542960,"e":"aggTrade","p":"0.00001172","f":4499621},{"m":true,"E":1596640542963,"l":4499624,"M":true,"q":"1431.00000000","s":"NAVBTC","a":3153797,"T":1596640542960,"e":"aggTrade","p":"0.00001170","f":4499622},{"m":true,"E":1596640542963,"l":4499634,"M":true,"q":"293.00000000","s":"NAVBTC","a":3153798,"T":1596640542960,"e":"aggTrade","p":"0.00001169","f":4499625},{"m":false,"E":1596640543029,"l":4499635,"M":true,"q":"1096.00000000","s":"NAVBTC","a":3153799,"T":1596640543028,"e":"aggTrade","p":"0.00001169","f":4499635},{"m":false,"E":1596640543204,"l":4499636,"M":true,"q":"5200.00000000","s":"NAVBTC","a":3153800,"T":1596640543203,"e":"aggTrade","p":"0.00001169","f":4499636},{"m":false,"E":1596640543298,"l":4499637,"M":true,"q":"10340.00000000","s":"NAVBTC","a":3153801,"T":1596640543297,"e":"aggTrade","p":"0.00001169","f":4499637},{"m":false,"E":1596640543361,"l":4499638,"M":true,"q":"29866.00000000","s":"NAVBTC","a":3153802,"T":1596640543359,"e":"aggTrade","p":"0.00001169","f":4499638},{"m":false,"E":1596640543618,"l":4499639,"M":true,"q":"416.00000000","s":"NAVBTC","a":3153803,"T":1596640543617,"e":"aggTrade","p":"0.00001170","f":4499639},{"m":false,"E":1596640546567,"l":4499640,"M":true,"q":"291.00000000","s":"NAVBTC","a":3153804,"T":1596640546566,"e":"aggTrade","p":"0.00001180","f":4499640},{"m":false,"E":1596640551977,"l":4499641,"M":true,"q":"205.00000000","s":"NAVBTC","a":3153805,"T":1596640551976,"e":"aggTrade","p":"0.00001180","f":4499641},{"m":false,"E":1596640554024,"l":4499642,"M":true,"q":"22.00000000","s":"NAVBTC","a":3153806,"T":1596640554023,"e":"aggTrade","p":"0.00001185","f":4499642},{"m":true,"E":1596640555525,"l":4499643,"M":true,"q":"61.00000000","s":"NAVBTC","a":3153807,"T":1596640555523,"e":"aggTrade","p":"0.00001182","f":4499643},{"m":false,"E":1596640563006,"l":4499644,"M":true,"q":"407.00000000","s":"NAVBTC","a":3153808,"T":1596640563005,"e":"aggTrade","p":"0.00001185","f":4499644},{"m":false,"E":1596640563770,"l":4499645,"M":true,"q":"406.00000000","s":"NAVBTC","a":3153809,"T":1596640563769,"e":"aggTrade","p":"0.00001185","f":4499645},{"m":false,"E":1596640565873,"l":4499656,"M":true,"q":"583.00000000","s":"NAVBTC","a":3153810,"T":1596640565871,"e":"aggTrade","p":"0.00001186","f":4499646},{"m":false,"E":1596640577070,"l":4499658,"M":true,"q":"17.00000000","s":"NAVBTC","a":3153811,"T":1596640577069,"e":"aggTrade","p":"0.00001189","f":4499657},{"m":true,"E":1596640578404,"l":4499659,"M":true,"q":"808.00000000","s":"NAVBTC","a":3153812,"T":1596640578403,"e":"aggTrade","p":"0.00001186","f":4499659},{"m":true,"E":1596640578900,"l":4499660,"M":true,"q":"1466.00000000","s":"NAVBTC","a":3153813,"T":1596640578899,"e":"aggTrade","p":"0.00001181","f":4499660},{"m":false,"E":1596640592189,"l":4499661,"M":true,"q":"253.00000000","s":"NAVBTC","a":3153814,"T":1596640592188,"e":"aggTrade","p":"0.00001185","f":4499661},{"m":false,"E":1596640592202,"l":4499662,"M":true,"q":"61.00000000","s":"NAVBTC","a":3153815,"T":1596640592201,"e":"aggTrade","p":"0.00001185","f":4499662}]]},{"peak":"5.03875969|150,-5.85937500|360,3.51562500|360,-7.72357724|450,4.87804878|1770,-3.20000000|270,5.20000000|330,-3.13725490|300,15.68627451|630,-4.24028269|240,8.48056537|270,-4.06779661|150,4.40677966|150,-13.23529412|570,3.30882353|120,-6.03773585|330,7.16981132|210,-3.27272727|150,8.36363636|540,-8.36363636|300,4.00000000|690,-3.24909747|60,5.41516245|120,-6.95970696|210,7.69230769|600,-3.52112676|480,15.49295775|480,-11.18644068|450,7.11864407|990,-11.66077739|90,3.53356890|810,-8.51851852|870,3.70370370|150,-3.32103321|720,14.02214022|270,-24.59677419|1110,7.25806452|240,-3.10077519|90,3.48837209|360,-17.10526316|480,6.14035088|150,-18.62745098|510,16.17647059|210,-11.79245283|90,16.98113208|660,-10.71428571|330,3.57142857|330,-3.11111111|90,25.33333333|780,-4.05904059|90,4.79704797|120,-9.65250965|150,16.21621622|630,-4.15224913|90,5.53633218|60,-14.23220974|810,9.36329588|240,-9.77443609|810,3.75939850|60,-6.97674419|420,4.65116279|270,-9.31174089|330,5.26315789|450,-7.88381743|840,17.01244813|1695,-11.02362205|489,8.66141732|867,-3.75939850|222,17.29323308|612,-4.00000000|12,4.33333333|26,-5.74324324|96,4.39189189|140,-5.10204082|75,-5.10204082|75,3.74149660|380,-4.09556314|59,10.23890785|95,-9.49152542|95,4.06779661|10,-3.36700337|14,9.42760943|48,-5.86319218|55,3.25732899|24","transactionList":[{},{},{},{},{},{},{},{},{},{},{},{},{},{},{},{},{},{},{},{},{},{},{},{},{},{},{},{},{},{},{},{},{},{},{},{},{},{},{},{},{},{},{},{},{},{},{},{},{},{},{},{},{},{},{},{},{},{},{},{},{},{},{},{},{},{},{},{},{},{},{},{},{},{},[],[{"m":false,"E":1596617620342,"l":6629926,"M":true,"q":"40185.00000000","s":"DOCKBTC","a":4129255,"T":1596617620340,"e":"aggTrade","p":"0.00000151","f":6629917},{"m":false,"E":1596617620343,"l":6629928,"M":true,"q":"4112.00000000","s":"DOCKBTC","a":4129256,"T":1596617620341,"e":"aggTrade","p":"0.00000151","f":6629927},{"m":false,"E":1596617647255,"l":6629966,"M":true,"q":"285592.00000000","s":"DOCKBTC","a":4129257,"T":1596617647250,"e":"aggTrade","p":"0.00000152","f":6629929},{"m":false,"E":1596617647255,"l":6629969,"M":true,"q":"163398.00000000","s":"DOCKBTC","a":4129258,"T":1596617647250,"e":"aggTrade","p":"0.00000152","f":6629967},{"m":false,"E":1596617647894,"l":6629970,"M":true,"q":"789.00000000","s":"DOCKBTC","a":4129259,"T":1596617647893,"e":"aggTrade","p":"0.00000152","f":6629970},{"m":false,"E":1596617650562,"l":6629971,"M":true,"q":"987.00000000","s":"DOCKBTC","a":4129260,"T":1596617650561,"e":"aggTrade","p":"0.00000152","f":6629971},{"m":false,"E":1596617651440,"l":6629972,"M":true,"q":"658.00000000","s":"DOCKBTC","a":4129261,"T":1596617651439,"e":"aggTrade","p":"0.00000152","f":6629972},{"m":false,"E":1596617660380,"l":6629973,"M":true,"q":"119.00000000","s":"DOCKBTC","a":4129262,"T":1596617660378,"e":"aggTrade","p":"0.00000152","f":6629973},{"m":false,"E":1596617661301,"l":6629976,"M":true,"q":"5334.00000000","s":"DOCKBTC","a":4129263,"T":1596617661300,"e":"aggTrade","p":"0.00000152","f":6629974},{"m":true,"E":1596617661311,"l":6629977,"M":true,"q":"2625.00000000","s":"DOCKBTC","a":4129264,"T":1596617661310,"e":"aggTrade","p":"0.00000152","f":6629977},{"m":true,"E":1596617661312,"l":6629978,"M":true,"q":"6238.00000000","s":"DOCKBTC","a":4129265,"T":1596617661311,"e":"aggTrade","p":"0.00000152","f":6629978},{"m":false,"E":1596617661555,"l":6629979,"M":true,"q":"132.00000000","s":"DOCKBTC","a":4129266,"T":1596617661554,"e":"aggTrade","p":"0.00000152","f":6629979},{"m":true,"E":1596617665125,"l":6629980,"M":true,"q":"3297.00000000","s":"DOCKBTC","a":4129267,"T":1596617665124,"e":"aggTrade","p":"0.00000151","f":6629980},{"m":false,"E":1596617668448,"l":6629981,"M":true,"q":"470.00000000","s":"DOCKBTC","a":4129268,"T":1596617668447,"e":"aggTrade","p":"0.00000152","f":6629981},{"m":false,"E":1596617672293,"l":6629983,"M":true,"q":"104250.00000000","s":"DOCKBTC","a":4129269,"T":1596617672292,"e":"aggTrade","p":"0.00000152","f":6629982},{"m":true,"E":1596617672607,"l":6629984,"M":true,"q":"1277.00000000","s":"DOCKBTC","a":4129270,"T":1596617672606,"e":"aggTrade","p":"0.00000152","f":6629984},{"m":true,"E":1596617673458,"l":6629985,"M":true,"q":"1216.00000000","s":"DOCKBTC","a":4129271,"T":1596617673457,"e":"aggTrade","p":"0.00000152","f":6629985},{"m":true,"E":1596617673682,"l":6629986,"M":true,"q":"14409.00000000","s":"DOCKBTC","a":4129272,"T":1596617673681,"e":"aggTrade","p":"0.00000152","f":6629986},{"m":true,"E":1596617686103,"l":6629987,"M":true,"q":"4557.00000000","s":"DOCKBTC","a":4129273,"T":1596617686102,"e":"aggTrade","p":"0.00000152","f":6629987},{"m":true,"E":1596617686103,"l":6629988,"M":true,"q":"4843.00000000","s":"DOCKBTC","a":4129274,"T":1596617686102,"e":"aggTrade","p":"0.00000152","f":6629988},{"m":false,"E":1596617689769,"l":6629989,"M":true,"q":"2854.00000000","s":"DOCKBTC","a":4129275,"T":1596617689769,"e":"aggTrade","p":"0.00000152","f":6629989},{"m":true,"E":1596617706024,"l":6629990,"M":true,"q":"267.00000000","s":"DOCKBTC","a":4129276,"T":1596617706023,"e":"aggTrade","p":"0.00000151","f":6629990},{"m":true,"E":1596617707203,"l":6629991,"M":true,"q":"267.00000000","s":"DOCKBTC","a":4129277,"T":1596617707202,"e":"aggTrade","p":"0.00000151","f":6629991},{"m":true,"E":1596617708215,"l":6629992,"M":true,"q":"134.00000000","s":"DOCKBTC","a":4129278,"T":1596617708214,"e":"aggTrade","p":"0.00000151","f":6629992},{"m":true,"E":1596617709855,"l":6629993,"M":true,"q":"134.00000000","s":"DOCKBTC","a":4129279,"T":1596617709854,"e":"aggTrade","p":"0.00000151","f":6629993},{"m":true,"E":1596617710932,"l":6629994,"M":true,"q":"134.00000000","s":"DOCKBTC","a":4129280,"T":1596617710932,"e":"aggTrade","p":"0.00000151","f":6629994},{"m":true,"E":1596617711969,"l":6629995,"M":true,"q":"133.00000000","s":"DOCKBTC","a":4129281,"T":1596617711967,"e":"aggTrade","p":"0.00000151","f":6629995},{"m":false,"E":1596617717791,"l":6629997,"M":true,"q":"19447.00000000","s":"DOCKBTC","a":4129282,"T":1596617717790,"e":"aggTrade","p":"0.00000152","f":6629996},{"m":true,"E":1596617719923,"l":6629998,"M":true,"q":"1216.00000000","s":"DOCKBTC","a":4129283,"T":1596617719922,"e":"aggTrade","p":"0.00000152","f":6629998},{"m":true,"E":1596617728209,"l":6629999,"M":true,"q":"7204.00000000","s":"DOCKBTC","a":4129284,"T":1596617728208,"e":"aggTrade","p":"0.00000152","f":6629999},{"m":true,"E":1596617728225,"l":6630000,"M":true,"q":"581.00000000","s":"DOCKBTC","a":4129285,"T":1596617728225,"e":"aggTrade","p":"0.00000152","f":6630000}],[{"m":true,"E":1596621240565,"l":6630329,"M":true,"q":"104554.00000000","s":"DOCKBTC","a":4129432,"T":1596621240564,"e":"aggTrade","p":"0.00000147","f":6630325},{"m":false,"E":1596621272894,"l":6630331,"M":true,"q":"20335.00000000","s":"DOCKBTC","a":4129433,"T":1596621272893,"e":"aggTrade","p":"0.00000147","f":6630330},{"m":false,"E":1596621299887,"l":6630332,"M":true,"q":"4921.00000000","s":"DOCKBTC","a":4129434,"T":1596621299885,"e":"aggTrade","p":"0.00000148","f":6630332},{"m":true,"E":1596621312136,"l":6630333,"M":true,"q":"65000.00000000","s":"DOCKBTC","a":4129435,"T":1596621312134,"e":"aggTrade","p":"0.00000147","f":6630333}],[{"m":false,"E":1596626921989,"l":6631936,"M":true,"q":"67662.00000000","s":"DOCKBTC","a":4130100,"T":1596626921986,"e":"aggTrade","p":"0.00000161","f":6631913},{"m":true,"E":1596626928855,"l":6631937,"M":true,"q":"191.00000000","s":"DOCKBTC","a":4130101,"T":1596626928854,"e":"aggTrade","p":"0.00000160","f":6631937},{"m":true,"E":1596626929718,"l":6631938,"M":true,"q":"5931.00000000","s":"DOCKBTC","a":4130102,"T":1596626929718,"e":"aggTrade","p":"0.00000160","f":6631938},{"m":false,"E":1596626933207,"l":6631939,"M":true,"q":"840.00000000","s":"DOCKBTC","a":4130103,"T":1596626933205,"e":"aggTrade","p":"0.00000161","f":6631939},{"m":true,"E":1596626934355,"l":6631940,"M":true,"q":"5931.00000000","s":"DOCKBTC","a":4130104,"T":1596626934354,"e":"aggTrade","p":"0.00000160","f":6631940},{"m":true,"E":1596626936866,"l":6631941,"M":true,"q":"930.00000000","s":"DOCKBTC","a":4130105,"T":1596626936865,"e":"aggTrade","p":"0.00000160","f":6631941},{"m":true,"E":1596626938741,"l":6631942,"M":true,"q":"5931.00000000","s":"DOCKBTC","a":4130106,"T":1596626938740,"e":"aggTrade","p":"0.00000160","f":6631942},{"m":false,"E":1596626954911,"l":6631945,"M":true,"q":"43695.00000000","s":"DOCKBTC","a":4130107,"T":1596626954910,"e":"aggTrade","p":"0.00000161","f":6631943},{"m":false,"E":1596626963776,"l":6631946,"M":true,"q":"125.00000000","s":"DOCKBTC","a":4130108,"T":1596626963775,"e":"aggTrade","p":"0.00000161","f":6631946},{"m":false,"E":1596626965728,"l":6631947,"M":true,"q":"5391.00000000","s":"DOCKBTC","a":4130109,"T":1596626965727,"e":"aggTrade","p":"0.00000161","f":6631947},{"m":false,"E":1596626965734,"l":6631948,"M":true,"q":"2312.00000000","s":"DOCKBTC","a":4130110,"T":1596626965733,"e":"aggTrade","p":"0.00000161","f":6631948},{"m":false,"E":1596626965783,"l":6631949,"M":true,"q":"3011.00000000","s":"DOCKBTC","a":4130111,"T":1596626965782,"e":"aggTrade","p":"0.00000161","f":6631949},{"m":false,"E":1596626966760,"l":6631951,"M":true,"q":"15864.00000000","s":"DOCKBTC","a":4130112,"T":1596626966759,"e":"aggTrade","p":"0.00000161","f":6631950},{"m":false,"E":1596626966766,"l":6631953,"M":true,"q":"42398.00000000","s":"DOCKBTC","a":4130113,"T":1596626966765,"e":"aggTrade","p":"0.00000161","f":6631952},{"m":false,"E":1596626966769,"l":6631954,"M":true,"q":"23.00000000","s":"DOCKBTC","a":4130114,"T":1596626966767,"e":"aggTrade","p":"0.00000161","f":6631954},{"m":false,"E":1596626966770,"l":6631957,"M":true,"q":"42389.00000000","s":"DOCKBTC","a":4130115,"T":1596626966769,"e":"aggTrade","p":"0.00000161","f":6631955},{"m":false,"E":1596626966776,"l":6631958,"M":true,"q":"1804.00000000","s":"DOCKBTC","a":4130116,"T":1596626966775,"e":"aggTrade","p":"0.00000161","f":6631958},{"m":false,"E":1596626968958,"l":6631959,"M":true,"q":"9838.00000000","s":"DOCKBTC","a":4130117,"T":1596626968957,"e":"aggTrade","p":"0.00000161","f":6631959},{"m":false,"E":1596626969026,"l":6631962,"M":true,"q":"26139.00000000","s":"DOCKBTC","a":4130118,"T":1596626969025,"e":"aggTrade","p":"0.00000161","f":6631960},{"m":false,"E":1596626970333,"l":6631963,"M":true,"q":"1578.00000000","s":"DOCKBTC","a":4130119,"T":1596626970331,"e":"aggTrade","p":"0.00000161","f":6631963},{"m":false,"E":1596626970602,"l":6631982,"M":true,"q":"102738.00000000","s":"DOCKBTC","a":4130120,"T":1596626970598,"e":"aggTrade","p":"0.00000161","f":6631964},{"m":false,"E":1596626970627,"l":6631983,"M":true,"q":"27469.00000000","s":"DOCKBTC","a":4130121,"T":1596626970626,"e":"aggTrade","p":"0.00000161","f":6631983},{"m":false,"E":1596626970633,"l":6631984,"M":true,"q":"21008.00000000","s":"DOCKBTC","a":4130122,"T":1596626970632,"e":"aggTrade","p":"0.00000161","f":6631984},{"m":false,"E":1596626970636,"l":6631985,"M":true,"q":"1488.00000000","s":"DOCKBTC","a":4130123,"T":1596626970636,"e":"aggTrade","p":"0.00000161","f":6631985},{"m":false,"E":1596626970640,"l":6631986,"M":true,"q":"5403.00000000","s":"DOCKBTC","a":4130124,"T":1596626970639,"e":"aggTrade","p":"0.00000161","f":6631986},{"m":false,"E":1596626970713,"l":6631987,"M":true,"q":"928.00000000","s":"DOCKBTC","a":4130125,"T":1596626970712,"e":"aggTrade","p":"0.00000161","f":6631987},{"m":false,"E":1596626971197,"l":6631988,"M":true,"q":"64792.00000000","s":"DOCKBTC","a":4130126,"T":1596626971196,"e":"aggTrade","p":"0.00000161","f":6631988},{"m":false,"E":1596626972207,"l":6631989,"M":true,"q":"7000.00000000","s":"DOCKBTC","a":4130127,"T":1596626972205,"e":"aggTrade","p":"0.00000161","f":6631989},{"m":false,"E":1596626972345,"l":6631990,"M":true,"q":"173437.00000000","s":"DOCKBTC","a":4130128,"T":1596626972344,"e":"aggTrade","p":"0.00000161","f":6631990},{"m":false,"E":1596626975635,"l":6631991,"M":true,"q":"28507.00000000","s":"DOCKBTC","a":4130129,"T":1596626975634,"e":"aggTrade","p":"0.00000161","f":6631991},{"m":false,"E":1596626975921,"l":6631994,"M":true,"q":"76185.00000000","s":"DOCKBTC","a":4130130,"T":1596626975919,"e":"aggTrade","p":"0.00000161","f":6631992},{"m":false,"E":1596626975942,"l":6631995,"M":true,"q":"1501.00000000","s":"DOCKBTC","a":4130131,"T":1596626975941,"e":"aggTrade","p":"0.00000161","f":6631995},{"m":false,"E":1596626976128,"l":6631996,"M":true,"q":"63.00000000","s":"DOCKBTC","a":4130132,"T":1596626976126,"e":"aggTrade","p":"0.00000161","f":6631996},{"m":false,"E":1596626976179,"l":6631997,"M":true,"q":"125.00000000","s":"DOCKBTC","a":4130133,"T":1596626976178,"e":"aggTrade","p":"0.00000161","f":6631997},{"m":false,"E":1596626976463,"l":6631998,"M":true,"q":"249.00000000","s":"DOCKBTC","a":4130134,"T":1596626976462,"e":"aggTrade","p":"0.00000161","f":6631998},{"m":false,"E":1596626976546,"l":6632000,"M":true,"q":"25263.00000000","s":"DOCKBTC","a":4130135,"T":1596626976545,"e":"aggTrade","p":"0.00000161","f":6631999},{"m":false,"E":1596626976563,"l":6632002,"M":true,"q":"15382.00000000","s":"DOCKBTC","a":4130136,"T":1596626976562,"e":"aggTrade","p":"0.00000161","f":6632001},{"m":false,"E":1596626977003,"l":6632005,"M":true,"q":"4435.00000000","s":"DOCKBTC","a":4130137,"T":1596626977002,"e":"aggTrade","p":"0.00000161","f":6632003},{"m":true,"E":1596626978312,"l":6632006,"M":true,"q":"4861.00000000","s":"DOCKBTC","a":4130138,"T":1596626978311,"e":"aggTrade","p":"0.00000161","f":6632006},{"m":true,"E":1596626979248,"l":6632014,"M":true,"q":"291127.00000000","s":"DOCKBTC","a":4130139,"T":1596626979246,"e":"aggTrade","p":"0.00000161","f":6632007},{"m":true,"E":1596626979260,"l":6632015,"M":true,"q":"15376.00000000","s":"DOCKBTC","a":4130140,"T":1596626979259,"e":"aggTrade","p":"0.00000161","f":6632015},{"m":true,"E":1596626979649,"l":6632016,"M":true,"q":"2000.00000000","s":"DOCKBTC","a":4130141,"T":1596626979648,"e":"aggTrade","p":"0.00000161","f":6632016},{"m":false,"E":1596626980561,"l":6632022,"M":true,"q":"14839.00000000","s":"DOCKBTC","a":4130142,"T":1596626980559,"e":"aggTrade","p":"0.00000162","f":6632017},{"m":false,"E":1596626980561,"l":6632023,"M":true,"q":"84.00000000","s":"DOCKBTC","a":4130143,"T":1596626980559,"e":"aggTrade","p":"0.00000162","f":6632023},{"m":true,"E":1596626980561,"l":6632024,"M":true,"q":"12705.00000000","s":"DOCKBTC","a":4130144,"T":1596626980559,"e":"aggTrade","p":"0.00000161","f":6632024},{"m":true,"E":1596626980562,"l":6632025,"M":true,"q":"610.00000000","s":"DOCKBTC","a":4130145,"T":1596626980559,"e":"aggTrade","p":"0.00000161","f":6632025},{"m":false,"E":1596626980562,"l":6632026,"M":true,"q":"3105.00000000","s":"DOCKBTC","a":4130146,"T":1596626980559,"e":"aggTrade","p":"0.00000162","f":6632026},{"m":false,"E":1596626982242,"l":6632027,"M":true,"q":"1131.00000000","s":"DOCKBTC","a":4130147,"T":1596626982241,"e":"aggTrade","p":"0.00000162","f":6632027},{"m":true,"E":1596626983399,"l":6632028,"M":true,"q":"1293.00000000","s":"DOCKBTC","a":4130148,"T":1596626983398,"e":"aggTrade","p":"0.00000161","f":6632028},{"m":true,"E":1596626983399,"l":6632029,"M":true,"q":"358.00000000","s":"DOCKBTC","a":4130149,"T":1596626983398,"e":"aggTrade","p":"0.00000161","f":6632029},{"m":true,"E":1596626983400,"l":6632030,"M":true,"q":"1241.00000000","s":"DOCKBTC","a":4130150,"T":1596626983398,"e":"aggTrade","p":"0.00000161","f":6632030},{"m":false,"E":1596626984166,"l":6632031,"M":true,"q":"67.00000000","s":"DOCKBTC","a":4130151,"T":1596626984165,"e":"aggTrade","p":"0.00000162","f":6632031},{"m":false,"E":1596626989686,"l":6632032,"M":true,"q":"667.00000000","s":"DOCKBTC","a":4130152,"T":1596626989685,"e":"aggTrade","p":"0.00000162","f":6632032},{"m":true,"E":1596626990968,"l":6632035,"M":true,"q":"101990.00000000","s":"DOCKBTC","a":4130153,"T":1596626990966,"e":"aggTrade","p":"0.00000161","f":6632033},{"m":true,"E":1596626997342,"l":6632037,"M":true,"q":"403.00000000","s":"DOCKBTC","a":4130154,"T":1596626997341,"e":"aggTrade","p":"0.00000161","f":6632036},{"m":true,"E":1596626998203,"l":6632039,"M":true,"q":"3757.00000000","s":"DOCKBTC","a":4130155,"T":1596626998202,"e":"aggTrade","p":"0.00000161","f":6632038},{"m":false,"E":1596626998236,"l":6632040,"M":true,"q":"32696.00000000","s":"DOCKBTC","a":4130156,"T":1596626998235,"e":"aggTrade","p":"0.00000161","f":6632040},{"m":false,"E":1596626999307,"l":6632041,"M":true,"q":"7475.00000000","s":"DOCKBTC","a":4130157,"T":1596626999306,"e":"aggTrade","p":"0.00000161","f":6632041},{"m":true,"E":1596626999868,"l":6632042,"M":true,"q":"641.00000000","s":"DOCKBTC","a":4130158,"T":1596626999867,"e":"aggTrade","p":"0.00000160","f":6632042},{"m":true,"E":1596626999868,"l":6632043,"M":true,"q":"83420.00000000","s":"DOCKBTC","a":4130159,"T":1596626999867,"e":"aggTrade","p":"0.00000160","f":6632043},{"m":true,"E":1596626999869,"l":6632044,"M":true,"q":"680.00000000","s":"DOCKBTC","a":4130160,"T":1596626999867,"e":"aggTrade","p":"0.00000160","f":6632044},{"m":true,"E":1596626999869,"l":6632045,"M":true,"q":"301.00000000","s":"DOCKBTC","a":4130161,"T":1596626999867,"e":"aggTrade","p":"0.00000160","f":6632045},{"m":true,"E":1596626999919,"l":6632046,"M":true,"q":"55753.00000000","s":"DOCKBTC","a":4130162,"T":1596626999918,"e":"aggTrade","p":"0.00000160","f":6632046},{"m":true,"E":1596627003679,"l":6632047,"M":true,"q":"906.00000000","s":"DOCKBTC","a":4130163,"T":1596627003678,"e":"aggTrade","p":"0.00000160","f":6632047},{"m":false,"E":1596627003714,"l":6632048,"M":true,"q":"26153.00000000","s":"DOCKBTC","a":4130164,"T":1596627003712,"e":"aggTrade","p":"0.00000161","f":6632048},{"m":true,"E":1596627003959,"l":6632049,"M":true,"q":"6307.00000000","s":"DOCKBTC","a":4130165,"T":1596627003958,"e":"aggTrade","p":"0.00000160","f":6632049},{"m":false,"E":1596627009894,"l":6632051,"M":true,"q":"30250.00000000","s":"DOCKBTC","a":4130166,"T":1596627009893,"e":"aggTrade","p":"0.00000161","f":6632050},{"m":true,"E":1596627010882,"l":6632052,"M":true,"q":"2565.00000000","s":"DOCKBTC","a":4130167,"T":1596627010881,"e":"aggTrade","p":"0.00000160","f":6632052},{"m":true,"E":1596627013320,"l":6632053,"M":true,"q":"6394.00000000","s":"DOCKBTC","a":4130168,"T":1596627013319,"e":"aggTrade","p":"0.00000160","f":6632053},{"m":true,"E":1596627013475,"l":6632054,"M":true,"q":"1469.00000000","s":"DOCKBTC","a":4130169,"T":1596627013474,"e":"aggTrade","p":"0.00000160","f":6632054},{"m":true,"E":1596627014153,"l":6632055,"M":true,"q":"650.00000000","s":"DOCKBTC","a":4130170,"T":1596627014152,"e":"aggTrade","p":"0.00000160","f":6632055},{"m":true,"E":1596627014706,"l":6632056,"M":true,"q":"1104.00000000","s":"DOCKBTC","a":4130171,"T":1596627014704,"e":"aggTrade","p":"0.00000160","f":6632056},{"m":true,"E":1596627014715,"l":6632057,"M":true,"q":"974.00000000","s":"DOCKBTC","a":4130172,"T":1596627014714,"e":"aggTrade","p":"0.00000160","f":6632057},{"m":true,"E":1596627014963,"l":6632058,"M":true,"q":"437.00000000","s":"DOCKBTC","a":4130173,"T":1596627014962,"e":"aggTrade","p":"0.00000160","f":6632058},{"m":true,"E":1596627015675,"l":6632059,"M":true,"q":"1429.00000000","s":"DOCKBTC","a":4130174,"T":1596627015674,"e":"aggTrade","p":"0.00000160","f":6632059},{"m":true,"E":1596627016069,"l":6632060,"M":true,"q":"8433.00000000","s":"DOCKBTC","a":4130175,"T":1596627016068,"e":"aggTrade","p":"0.00000160","f":6632060},{"m":true,"E":1596627016114,"l":6632061,"M":true,"q":"3243.00000000","s":"DOCKBTC","a":4130176,"T":1596627016113,"e":"aggTrade","p":"0.00000160","f":6632061},{"m":true,"E":1596627016404,"l":6632062,"M":true,"q":"2502.00000000","s":"DOCKBTC","a":4130177,"T":1596627016403,"e":"aggTrade","p":"0.00000160","f":6632062},{"m":true,"E":1596627016532,"l":6632063,"M":true,"q":"6411.00000000","s":"DOCKBTC","a":4130178,"T":1596627016530,"e":"aggTrade","p":"0.00000160","f":6632063},{"m":true,"E":1596627016554,"l":6632064,"M":true,"q":"2565.00000000","s":"DOCKBTC","a":4130179,"T":1596627016553,"e":"aggTrade","p":"0.00000160","f":6632064},{"m":true,"E":1596627016703,"l":6632065,"M":true,"q":"11818.00000000","s":"DOCKBTC","a":4130180,"T":1596627016702,"e":"aggTrade","p":"0.00000160","f":6632065},{"m":true,"E":1596627016816,"l":6632066,"M":true,"q":"1624.00000000","s":"DOCKBTC","a":4130181,"T":1596627016815,"e":"aggTrade","p":"0.00000160","f":6632066},{"m":true,"E":1596627016891,"l":6632067,"M":true,"q":"1299.00000000","s":"DOCKBTC","a":4130182,"T":1596627016890,"e":"aggTrade","p":"0.00000160","f":6632067},{"m":true,"E":1596627017091,"l":6632068,"M":true,"q":"1949.00000000","s":"DOCKBTC","a":4130183,"T":1596627017090,"e":"aggTrade","p":"0.00000160","f":6632068},{"m":false,"E":1596627018516,"l":6632069,"M":true,"q":"3810.00000000","s":"DOCKBTC","a":4130184,"T":1596627018515,"e":"aggTrade","p":"0.00000161","f":6632069},{"m":true,"E":1596627019130,"l":6632070,"M":true,"q":"650.00000000","s":"DOCKBTC","a":4130185,"T":1596627019129,"e":"aggTrade","p":"0.00000160","f":6632070},{"m":true,"E":1596627019244,"l":6632071,"M":true,"q":"2562.00000000","s":"DOCKBTC","a":4130186,"T":1596627019243,"e":"aggTrade","p":"0.00000160","f":6632071},{"m":true,"E":1596627019294,"l":6632072,"M":true,"q":"3843.00000000","s":"DOCKBTC","a":4130187,"T":1596627019293,"e":"aggTrade","p":"0.00000160","f":6632072},{"m":true,"E":1596627019445,"l":6632073,"M":true,"q":"66.00000000","s":"DOCKBTC","a":4130188,"T":1596627019443,"e":"aggTrade","p":"0.00000160","f":6632073},{"m":true,"E":1596627019461,"l":6632074,"M":true,"q":"9550.00000000","s":"DOCKBTC","a":4130189,"T":1596627019460,"e":"aggTrade","p":"0.00000160","f":6632074},{"m":true,"E":1596627019464,"l":6632075,"M":true,"q":"129.00000000","s":"DOCKBTC","a":4130190,"T":1596627019463,"e":"aggTrade","p":"0.00000160","f":6632075},{"m":true,"E":1596627019521,"l":6632076,"M":true,"q":"326.00000000","s":"DOCKBTC","a":4130191,"T":1596627019520,"e":"aggTrade","p":"0.00000160","f":6632076},{"m":true,"E":1596627019554,"l":6632077,"M":true,"q":"2562.00000000","s":"DOCKBTC","a":4130192,"T":1596627019553,"e":"aggTrade","p":"0.00000160","f":6632077},{"m":true,"E":1596627019587,"l":6632078,"M":true,"q":"2213.00000000","s":"DOCKBTC","a":4130193,"T":1596627019586,"e":"aggTrade","p":"0.00000160","f":6632078},{"m":false,"E":1596627019588,"l":6632079,"M":true,"q":"16945.00000000","s":"DOCKBTC","a":4130194,"T":1596627019587,"e":"aggTrade","p":"0.00000161","f":6632079},{"m":true,"E":1596627019621,"l":6632080,"M":true,"q":"3334.00000000","s":"DOCKBTC","a":4130195,"T":1596627019620,"e":"aggTrade","p":"0.00000160","f":6632080},{"m":true,"E":1596627019637,"l":6632081,"M":true,"q":"6445.00000000","s":"DOCKBTC","a":4130196,"T":1596627019636,"e":"aggTrade","p":"0.00000160","f":6632081},{"m":true,"E":1596627019697,"l":6632082,"M":true,"q":"1815.00000000","s":"DOCKBTC","a":4130197,"T":1596627019681,"e":"aggTrade","p":"0.00000160","f":6632082},{"m":true,"E":1596627019797,"l":6632083,"M":true,"q":"642.00000000","s":"DOCKBTC","a":4130198,"T":1596627019796,"e":"aggTrade","p":"0.00000160","f":6632083},{"m":true,"E":1596627019806,"l":6632084,"M":true,"q":"1281.00000000","s":"DOCKBTC","a":4130199,"T":1596627019805,"e":"aggTrade","p":"0.00000160","f":6632084},{"m":true,"E":1596627019943,"l":6632085,"M":true,"q":"1936.00000000","s":"DOCKBTC","a":4130200,"T":1596627019942,"e":"aggTrade","p":"0.00000160","f":6632085},{"m":true,"E":1596627020001,"l":6632086,"M":true,"q":"8645.00000000","s":"DOCKBTC","a":4130201,"T":1596627020000,"e":"aggTrade","p":"0.00000160","f":6632086},{"m":true,"E":1596627020005,"l":6632087,"M":true,"q":"6445.00000000","s":"DOCKBTC","a":4130202,"T":1596627020004,"e":"aggTrade","p":"0.00000160","f":6632087},{"m":true,"E":1596627020102,"l":6632088,"M":true,"q":"6443.00000000","s":"DOCKBTC","a":4130203,"T":1596627020101,"e":"aggTrade","p":"0.00000160","f":6632088},{"m":true,"E":1596627020133,"l":6632089,"M":true,"q":"3202.00000000","s":"DOCKBTC","a":4130204,"T":1596627020132,"e":"aggTrade","p":"0.00000160","f":6632089},{"m":true,"E":1596627020178,"l":6632090,"M":true,"q":"650.00000000","s":"DOCKBTC","a":4130205,"T":1596627020177,"e":"aggTrade","p":"0.00000160","f":6632090},{"m":true,"E":1596627020194,"l":6632091,"M":true,"q":"4015.00000000","s":"DOCKBTC","a":4130206,"T":1596627020193,"e":"aggTrade","p":"0.00000160","f":6632091},{"m":true,"E":1596627020250,"l":6632092,"M":true,"q":"42317.00000000","s":"DOCKBTC","a":4130207,"T":1596627020248,"e":"aggTrade","p":"0.00000160","f":6632092},{"m":true,"E":1596627020681,"l":6632093,"M":true,"q":"9934.00000000","s":"DOCKBTC","a":4130208,"T":1596627020680,"e":"aggTrade","p":"0.00000160","f":6632093},{"m":true,"E":1596627021340,"l":6632094,"M":true,"q":"81.00000000","s":"DOCKBTC","a":4130209,"T":1596627021338,"e":"aggTrade","p":"0.00000160","f":6632094},{"m":false,"E":1596627021733,"l":6632095,"M":true,"q":"63398.00000000","s":"DOCKBTC","a":4130210,"T":1596627021732,"e":"aggTrade","p":"0.00000161","f":6632095},{"m":true,"E":1596627022928,"l":6632104,"M":true,"q":"132370.00000000","s":"DOCKBTC","a":4130211,"T":1596627022926,"e":"aggTrade","p":"0.00000160","f":6632096},{"m":false,"E":1596627022966,"l":6632105,"M":true,"q":"4193.00000000","s":"DOCKBTC","a":4130212,"T":1596627022964,"e":"aggTrade","p":"0.00000160","f":6632105},{"m":false,"E":1596627022980,"l":6632106,"M":true,"q":"18584.00000000","s":"DOCKBTC","a":4130213,"T":1596627022979,"e":"aggTrade","p":"0.00000160","f":6632106},{"m":false,"E":1596627023104,"l":6632107,"M":true,"q":"6291.00000000","s":"DOCKBTC","a":4130214,"T":1596627023103,"e":"aggTrade","p":"0.00000160","f":6632107},{"m":false,"E":1596627023701,"l":6632108,"M":true,"q":"5609.00000000","s":"DOCKBTC","a":4130215,"T":1596627023700,"e":"aggTrade","p":"0.00000160","f":6632108},{"m":false,"E":1596627023710,"l":6632109,"M":true,"q":"93568.00000000","s":"DOCKBTC","a":4130216,"T":1596627023709,"e":"aggTrade","p":"0.00000160","f":6632109},{"m":true,"E":1596627024312,"l":6632110,"M":true,"q":"1924.00000000","s":"DOCKBTC","a":4130217,"T":1596627024311,"e":"aggTrade","p":"0.00000159","f":6632110},{"m":false,"E":1596627033092,"l":6632111,"M":true,"q":"1680.00000000","s":"DOCKBTC","a":4130218,"T":1596627033091,"e":"aggTrade","p":"0.00000160","f":6632111},{"m":true,"E":1596627035851,"l":6632112,"M":true,"q":"1600.00000000","s":"DOCKBTC","a":4130219,"T":1596627035849,"e":"aggTrade","p":"0.00000159","f":6632112},{"m":true,"E":1596627035934,"l":6632113,"M":true,"q":"1283.00000000","s":"DOCKBTC","a":4130220,"T":1596627035933,"e":"aggTrade","p":"0.00000159","f":6632113}],[{"m":true,"E":1596632632352,"l":6634726,"M":true,"q":"3162.00000000","s":"DOCKBTC","a":4131454,"T":1596632632351,"e":"aggTrade","p":"0.00000148","f":6634725},{"m":true,"E":1596632633368,"l":6634727,"M":true,"q":"9858.00000000","s":"DOCKBTC","a":4131455,"T":1596632633366,"e":"aggTrade","p":"0.00000148","f":6634727},{"m":false,"E":1596632659540,"l":6634728,"M":true,"q":"1646.00000000","s":"DOCKBTC","a":4131456,"T":1596632659539,"e":"aggTrade","p":"0.00000149","f":6634728},{"m":false,"E":1596632662906,"l":6634729,"M":true,"q":"1646.00000000","s":"DOCKBTC","a":4131457,"T":1596632662904,"e":"aggTrade","p":"0.00000149","f":6634729},{"m":true,"E":1596632664079,"l":6634751,"M":true,"q":"481010.00000000","s":"DOCKBTC","a":4131458,"T":1596632664075,"e":"aggTrade","p":"0.00000148","f":6634730},{"m":false,"E":1596632673115,"l":6634752,"M":true,"q":"805.00000000","s":"DOCKBTC","a":4131459,"T":1596632673114,"e":"aggTrade","p":"0.00000149","f":6634752},{"m":true,"E":1596632678748,"l":6634753,"M":true,"q":"16489.00000000","s":"DOCKBTC","a":4131460,"T":1596632678747,"e":"aggTrade","p":"0.00000148","f":6634753},{"m":true,"E":1596632680913,"l":6634754,"M":true,"q":"4607.00000000","s":"DOCKBTC","a":4131461,"T":1596632680912,"e":"aggTrade","p":"0.00000148","f":6634754},{"m":true,"E":1596632682143,"l":6634755,"M":true,"q":"3078.00000000","s":"DOCKBTC","a":4131462,"T":1596632682142,"e":"aggTrade","p":"0.00000148","f":6634755},{"m":true,"E":1596632685478,"l":6634756,"M":true,"q":"23304.00000000","s":"DOCKBTC","a":4131463,"T":1596632685477,"e":"aggTrade","p":"0.00000148","f":6634756},{"m":true,"E":1596632685494,"l":6634757,"M":true,"q":"70670.00000000","s":"DOCKBTC","a":4131464,"T":1596632685493,"e":"aggTrade","p":"0.00000148","f":6634757},{"m":true,"E":1596632685516,"l":6634761,"M":true,"q":"19807.00000000","s":"DOCKBTC","a":4131465,"T":1596632685514,"e":"aggTrade","p":"0.00000148","f":6634758},{"m":false,"E":1596632685704,"l":6634762,"M":true,"q":"9843.00000000","s":"DOCKBTC","a":4131466,"T":1596632685703,"e":"aggTrade","p":"0.00000148","f":6634762},{"m":false,"E":1596632685705,"l":6634763,"M":true,"q":"3658.00000000","s":"DOCKBTC","a":4131467,"T":1596632685704,"e":"aggTrade","p":"0.00000148","f":6634763}