[{"peak":"","transactionList":[]},{"peak":"6.81318681|600,-4.49740190|900,7.04174879|2310,-24.51021259|6120,3.52230096|150,-3.54388159|150,6.52491140|630,-3.84068279|330,13.47287137|2700,-8.02863223|3120,3.86922035|600,-4.33346288|270,7.13175282|3900,-6.92397207|2100,9.32893716|1650,-3.48815862|270,11.47420598|3384,-5.08826584|348,3.14987885|245","transactionList":[{},{},{},{},{},{},{},{},{},{},{},{},{},{},{},{},{},{},{}]},{"peak":"-4.10256410|11,7.17948718|15,-6.09137056|13","transactionList":[[{"m":false,"E":1597074862929,"l":5065090,"M":true,"q":"3458.00000000","s":"CELRBTC","a":2725057,"T":1597074862928,"e":"aggTrade","p":"0.00000099","f":5065090},{"m":false,"E":1597074863306,"l":5065091,"M":true,"q":"3770.00000000","s":"CELRBTC","a":2725058,"T":1597074863305,"e":"aggTrade","p":"0.00000099","f":5065091},{"m":true,"E":1597074864121,"l":5065092,"M":true,"q":"7859.00000000","s":"CELRBTC","a":2725059,"T":1597074864118,"e":"aggTrade","p":"0.00000098","f":5065092},{"m":false,"E":1597074864937,"l":5065093,"M":true,"q":"213814.00000000","s":"CELRBTC","a":2725060,"T":1597074864936,"e":"aggTrade","p":"0.00000099","f":5065093},{"m":true,"E":1597074869930,"l":5065094,"M":true,"q":"6703.00000000","s":"CELRBTC","a":2725061,"T":1597074869929,"e":"aggTrade","p":"0.00000098","f":5065094},{"m":false,"E":1597074884045,"l":5065095,"M":true,"q":"10000.00000000","s":"CELRBTC","a":2725062,"T":1597074884044,"e":"aggTrade","p":"0.00000099","f":5065095},{"m":false,"E":1597074888261,"l":5065097,"M":true,"q":"19537.00000000","s":"CELRBTC","a":2725063,"T":1597074888260,"e":"aggTrade","p":"0.00000099","f":5065096},{"m":false,"E":1597074888572,"l":5065099,"M":true,"q":"12000.00000000","s":"CELRBTC","a":2725064,"T":1597074888570,"e":"aggTrade","p":"0.00000099","f":5065098},{"m":false,"E":1597074889073,"l":5065100,"M":true,"q":"123.00000000","s":"CELRBTC","a":2725065,"T":1597074889072,"e":"aggTrade","p":"0.00000099","f":5065100},{"m":false,"E":1597074893383,"l":5065101,"M":true,"q":"3160.00000000","s":"CELRBTC","a":2725066,"T":1597074893382,"e":"aggTrade","p":"0.00000099","f":5065101},{"m":true,"E":1597074898159,"l":5065102,"M":true,"q":"10729.00000000","s":"CELRBTC","a":2725067,"T":1597074898158,"e":"aggTrade","p":"0.00000098","f":5065102},{"m":true,"E":1597074899129,"l":5065103,"M":true,"q":"55316.00000000","s":"CELRBTC","a":2725068,"T":1597074899126,"e":"aggTrade","p":"0.00000098","f":5065103},{"m":true,"E":1597074901006,"l":5065104,"M":true,"q":"117.00000000","s":"CELRBTC","a":2725069,"T":1597074901005,"e":"aggTrade","p":"0.00000098","f":5065104},{"m":true,"E":1597074905829,"l":5065105,"M":true,"q":"85907.00000000","s":"CELRBTC","a":2725070,"T":1597074905828,"e":"aggTrade","p":"0.00000098","f":5065105},{"m":true,"E":1597074910951,"l":5065119,"M":true,"q":"127557.00000000","s":"CELRBTC","a":2725071,"T":1597074910948,"e":"aggTrade","p":"0.00000098","f":5065106},{"m":true,"E":1597074911512,"l":5065120,"M":true,"q":"45969.00000000","s":"CELRBTC","a":2725072,"T":1597074911511,"e":"aggTrade","p":"0.00000098","f":5065120},{"m":false,"E":1597074911971,"l":5065121,"M":true,"q":"304.00000000","s":"CELRBTC","a":2725073,"T":1597074911970,"e":"aggTrade","p":"0.00000099","f":5065121},{"m":true,"E":1597074913482,"l":5065122,"M":true,"q":"13550.00000000","s":"CELRBTC","a":2725074,"T":1597074913481,"e":"aggTrade","p":"0.00000098","f":5065122},{"m":true,"E":1597074915848,"l":5065127,"M":true,"q":"26052.00000000","s":"CELRBTC","a":2725075,"T":1597074915847,"e":"aggTrade","p":"0.00000098","f":5065123},{"m":true,"E":1597074916532,"l":5065128,"M":true,"q":"48686.00000000","s":"CELRBTC","a":2725076,"T":1597074916531,"e":"aggTrade","p":"0.00000098","f":5065128},{"m":true,"E":1597074916619,"l":5065129,"M":true,"q":"51656.00000000","s":"CELRBTC","a":2725077,"T":1597074916618,"e":"aggTrade","p":"0.00000098","f":5065129},{"m":true,"E":1597074916758,"l":5065130,"M":true,"q":"55320.00000000","s":"CELRBTC","a":2725078,"T":1597074916757,"e":"aggTrade","p":"0.00000098","f":5065130},{"m":true,"E":1597074916832,"l":5065131,"M":true,"q":"26581.00000000","s":"CELRBTC","a":2725079,"T":1597074916831,"e":"aggTrade","p":"0.00000098","f":5065131},{"m":true,"E":1597074917139,"l":5065132,"M":true,"q":"6696.00000000","s":"CELRBTC","a":2725080,"T":1597074917139,"e":"aggTrade","p":"0.00000098","f":5065132},{"m":true,"E":1597074917347,"l":5065133,"M":true,"q":"21991.00000000","s":"CELRBTC","a":2725081,"T":1597074917346,"e":"aggTrade","p":"0.00000098","f":5065133},{"m":true,"E":1597074917445,"l":5065172,"M":true,"q":"1502504.00000000","s":"CELRBTC","a":2725082,"T":1597074917440,"e":"aggTrade","p":"0.00000098","f":5065134},{"m":false,"E":1597074918451,"l":5065173,"M":true,"q":"4000.00000000","s":"CELRBTC","a":2725083,"T":1597074918450,"e":"aggTrade","p":"0.00000098","f":5065173},{"m":false,"E":1597074919145,"l":5065176,"M":true,"q":"163318.00000000","s":"CELRBTC","a":2725084,"T":1597074919144,"e":"aggTrade","p":"0.00000098","f":5065174},{"m":false,"E":1597074919160,"l":5065177,"M":true,"q":"25207.00000000","s":"CELRBTC","a":2725085,"T":1597074919159,"e":"aggTrade","p":"0.00000098","f":5065177},{"m":false,"E":1597074923660,"l":5065178,"M":true,"q":"3500.00000000","s":"CELRBTC","a":2725086,"T":1597074923659,"e":"aggTrade","p":"0.00000098","f":5065178},{"m":true,"E":1597074927423,"l":5065179,"M":true,"q":"15000.00000000","s":"CELRBTC","a":2725087,"T":1597074927422,"e":"aggTrade","p":"0.00000097","f":5065179},{"m":true,"E":1597074927424,"l":5065204,"M":true,"q":"590650.00000000","s":"CELRBTC","a":2725088,"T":1597074927422,"e":"aggTrade","p":"0.00000097","f":5065180},{"m":true,"E":1597074927425,"l":5065220,"M":true,"q":"374890.00000000","s":"CELRBTC","a":2725089,"T":1597074927422,"e":"aggTrade","p":"0.00000097","f":5065205},{"m":true,"E":1597074927425,"l":5065221,"M":true,"q":"15817.00000000","s":"CELRBTC","a":2725090,"T":1597074927422,"e":"aggTrade","p":"0.00000097","f":5065221},{"m":true,"E":1597074927425,"l":5065222,"M":true,"q":"127.00000000","s":"CELRBTC","a":2725091,"T":1597074927422,"e":"aggTrade","p":"0.00000097","f":5065222},{"m":false,"E":1597074928578,"l":5065223,"M":true,"q":"105.00000000","s":"CELRBTC","a":2725092,"T":1597074928577,"e":"aggTrade","p":"0.00000098","f":5065223},{"m":false,"E":1597074928617,"l":5065224,"M":true,"q":"8500.00000000","s":"CELRBTC","a":2725093,"T":1597074928616,"e":"aggTrade","p":"0.00000098","f":5065224},{"m":false,"E":1597074929048,"l":5065225,"M":true,"q":"16996.00000000","s":"CELRBTC","a":2725094,"T":1597074929047,"e":"aggTrade","p":"0.00000098","f":5065225},{"m":false,"E":1597074930322,"l":5065240,"M":true,"q":"452704.00000000","s":"CELRBTC","a":2725095,"T":1597074930317,"e":"aggTrade","p":"0.00000098","f":5065226},{"m":true,"E":1597074930331,"l":5065241,"M":true,"q":"5154.00000000","s":"CELRBTC","a":2725096,"T":1597074930330,"e":"aggTrade","p":"0.00000098","f":5065241},{"m":true,"E":1597074930364,"l":5065242,"M":true,"q":"16891.00000000","s":"CELRBTC","a":2725097,"T":1597074930362,"e":"aggTrade","p":"0.00000098","f":5065242},{"m":true,"E":1597074930423,"l":5065243,"M":true,"q":"797.00000000","s":"CELRBTC","a":2725098,"T":1597074930422,"e":"aggTrade","p":"0.00000098","f":5065243},{"m":true,"E":1597074930679,"l":5065244,"M":true,"q":"20408.00000000","s":"CELRBTC","a":2725099,"T":1597074930678,"e":"aggTrade","p":"0.00000098","f":5065244},{"m":true,"E":1597074932543,"l":5065245,"M":true,"q":"1245.00000000","s":"CELRBTC","a":2725100,"T":1597074932542,"e":"aggTrade","p":"0.00000098","f":5065245},{"m":true,"E":1597074932946,"l":5065246,"M":true,"q":"10312.00000000","s":"CELRBTC","a":2725101,"T":1597074932945,"e":"aggTrade","p":"0.00000098","f":5065246},{"m":true,"E":1597074933247,"l":5065247,"M":true,"q":"10309.00000000","s":"CELRBTC","a":2725102,"T":1597074933246,"e":"aggTrade","p":"0.00000098","f":5065247},{"m":true,"E":1597074933799,"l":5065248,"M":true,"q":"65896.00000000","s":"CELRBTC","a":2725103,"T":1597074933797,"e":"aggTrade","p":"0.00000098","f":5065248},{"m":true,"E":1597074934814,"l":5065249,"M":true,"q":"529.00000000","s":"CELRBTC","a":2725104,"T":1597074934813,"e":"aggTrade","p":"0.00000098","f":5065249},{"m":false,"E":1597074935432,"l":5065250,"M":true,"q":"321.00000000","s":"CELRBTC","a":2725105,"T":1597074935431,"e":"aggTrade","p":"0.00000099","f":5065250},{"m":true,"E":1597074938958,"l":5065251,"M":true,"q":"5044.00000000","s":"CELRBTC","a":2725106,"T":1597074938957,"e":"aggTrade","p":"0.00000098","f":5065251},{"m":false,"E":1597074939595,"l":5065252,"M":true,"q":"3922.00000000","s":"CELRBTC","a":2725107,"T":1597074939594,"e":"aggTrade","p":"0.00000099","f":5065252},{"m":true,"E":1597074939598,"l":5065253,"M":true,"q":"5149.00000000","s":"CELRBTC","a":2725108,"T":1597074939597,"e":"aggTrade","p":"0.00000098","f":5065253},{"m":true,"E":1597074942710,"l":5065254,"M":true,"q":"5895.00000000","s":"CELRBTC","a":2725109,"T":1597074942709,"e":"aggTrade","p":"0.00000098","f":5065254},{"m":false,"E":1597074943817,"l":5065255,"M":true,"q":"126.00000000","s":"CELRBTC","a":2725110,"T":1597074943816,"e":"aggTrade","p":"0.00000099","f":5065255},{"m":true,"E":1597074946893,"l":5065256,"M":true,"q":"2575.00000000","s":"CELRBTC","a":2725111,"T":1597074946892,"e":"aggTrade","p":"0.00000098","f":5065256},{"m":false,"E":1597074948356,"l":5065257,"M":true,"q":"15000.00000000","s":"CELRBTC","a":2725112,"T":1597074948355,"e":"aggTrade","p":"0.00000099","f":5065257},{"m":true,"E":1597074950307,"l":5065258,"M":true,"q":"4803.00000000","s":"CELRBTC","a":2725113,"T":1597074950306,"e":"aggTrade","p":"0.00000098","f":5065258},{"m":false,"E":1597074957245,"l":5065259,"M":true,"q":"98.00000000","s":"CELRBTC","a":2725114,"T":1597074957244,"e":"aggTrade","p":"0.00000099","f":5065259},{"m":false,"E":1597074960796,"l":5065260,"M":true,"q":"98.00000000","s":"CELRBTC","a":2725115,"T":1597074960795,"e":"aggTrade","p":"0.00000099","f":5065260},{"m":false,"E":1597074960798,"l":5065261,"M":true,"q":"101.00000000","s":"CELRBTC","a":2725116,"T":1597074960797,"e":"aggTrade","p":"0.00000099","f":5065261},{"m":false,"E":1597074961692,"l":5065262,"M":true,"q":"101.00000000","s":"CELRBTC","a":2725117,"T":1597074961690,"e":"aggTrade","p":"0.00000099","f":5065262},{"m":false,"E":1597074961771,"l":5065263,"M":true,"q":"98.00000000","s":"CELRBTC","a":2725118,"T":1597074961769,"e":"aggTrade","p":"0.00000099","f":5065263},{"m":false,"E":1597074962453,"l":5065264,"M":true,"q":"101.00000000","s":"CELRBTC","a":2725119,"T":1597074962452,"e":"aggTrade","p":"0.00000099","f":5065264},{"m":false,"E":1597074962548,"l":5065265,"M":true,"q":"98.00000000","s":"CELRBTC","a":2725120,"T":1597074962547,"e":"aggTrade","p":"0.00000099","f":5065265},{"m":false,"E":1597074963261,"l":5065266,"M":true,"q":"102.00000000","s":"CELRBTC","a":2725121,"T":1597074963260,"e":"aggTrade","p":"0.00000099","f":5065266},{"m":false,"E":1597074963348,"l":5065267,"M":true,"q":"131.00000000","s":"CELRBTC","a":2725122,"T":1597074963347,"e":"aggTrade","p":"0.00000099","f":5065267},{"m":false,"E":1597074964096,"l":5065268,"M":true,"q":"102.00000000","s":"CELRBTC","a":2725123,"T":1597074964094,"e":"aggTrade","p":"0.00000099","f":5065268},{"m":false,"E":1597074964181,"l":5065269,"M":true,"q":"131.00000000","s":"CELRBTC","a":2725124,"T":1597074964179,"e":"aggTrade","p":"0.00000099","f":5065269},{"m":false,"E":1597074964892,"l":5065270,"M":true,"q":"102.00000000","s":"CELRBTC","a":2725125,"T":1597074964891,"e":"aggTrade","p":"0.00000099","f":5065270},{"m":false,"E":1597074964983,"l":5065271,"M":true,"q":"131.00000000","s":"CELRBTC","a":2725126,"T":1597074964982,"e":"aggTrade","p":"0.00000099","f":5065271},{"m":false,"E":1597074965736,"l":5065272,"M":true,"q":"102.00000000","s":"CELRBTC","a":2725127,"T":1597074965734,"e":"aggTrade","p":"0.00000099","f":5065272},{"m":false,"E":1597074965816,"l":5065273,"M":true,"q":"131.00000000","s":"CELRBTC","a":2725128,"T":1597074965815,"e":"aggTrade","p":"0.00000099","f":5065273},{"m":false,"E":1597074967110,"l":5065274,"M":true,"q":"98.00000000","s":"CELRBTC","a":2725129,"T":1597074967109,"e":"aggTrade","p":"0.00000099","f":5065274},{"m":false,"E":1597074968864,"l":5065275,"M":true,"q":"101.00000000","s":"CELRBTC","a":2725130,"T":1597074968863,"e":"aggTrade","p":"0.00000099","f":5065275},{"m":false,"E":1597074968935,"l":5065276,"M":true,"q":"98.00000000","s":"CELRBTC","a":2725131,"T":1597074968933,"e":"aggTrade","p":"0.00000099","f":5065276},{"m":false,"E":1597074969624,"l":5065277,"M":true,"q":"101.00000000","s":"CELRBTC","a":2725132,"T":1597074969623,"e":"aggTrade","p":"0.00000099","f":5065277},{"m":false,"E":1597074969674,"l":5065278,"M":true,"q":"98.00000000","s":"CELRBTC","a":2725133,"T":1597074969673,"e":"aggTrade","p":"0.00000099","f":5065278},{"m":false,"E":1597074970371,"l":5065279,"M":true,"q":"101.00000000","s":"CELRBTC","a":2725134,"T":1597074970369,"e":"aggTrade","p":"0.00000099","f":5065279},{"m":false,"E":1597074970449,"l":5065280,"M":true,"q":"98.00000000","s":"CELRBTC","a":2725135,"T":1597074970448,"e":"aggTrade","p":"0.00000099","f":5065280},{"m":false,"E":1597074971224,"l":5065281,"M":true,"q":"101.00000000","s":"CELRBTC","a":2725136,"T":1597074971223,"e":"aggTrade","p":"0.00000099","f":5065281},{"m":false,"E":1597074971311,"l":5065282,"M":true,"q":"98.00000000","s":"CELRBTC","a":2725137,"T":1597074971310,"e":"aggTrade","p":"0.00000099","f":5065282},{"m":false,"E":1597074972514,"l":5065283,"M":true,"q":"102.00000000","s":"CELRBTC","a":2725138,"T":1597074972513,"e":"aggTrade","p":"0.00000099","f":5065283},{"m":false,"E":1597074972769,"l":5065284,"M":true,"q":"131.00000000","s":"CELRBTC","a":2725139,"T":1597074972768,"e":"aggTrade","p":"0.00000099","f":5065284},{"m":false,"E":1597074972837,"l":5065285,"M":true,"q":"101.00000000","s":"CELRBTC","a":2725140,"T":1597074972836,"e":"aggTrade","p":"0.00000099","f":5065285},{"m":false,"E":1597074975252,"l":5065286,"M":true,"q":"131.00000000","s":"CELRBTC","a":2725141,"T":1597074975251,"e":"aggTrade","p":"0.00000099","f":5065286},{"m":false,"E":1597074975268,"l":5065287,"M":true,"q":"102.00000000","s":"CELRBTC","a":2725142,"T":1597074975267,"e":"aggTrade","p":"0.00000099","f":5065287},{"m":false,"E":1597074975320,"l":5065288,"M":true,"q":"101.00000000","s":"CELRBTC","a":2725143,"T":1597074975319,"e":"aggTrade","p":"0.00000099","f":5065288}],[{"m":false,"E":1597075811209,"l":5066327,"M":true,"q":"9093.00000000","s":"CELRBTC","a":2725745,"T":1597075811208,"e":"aggTrade","p":"0.00000103","f":5066327},{"m":false,"E":1597075814062,"l":5066328,"M":true,"q":"195.00000000","s":"CELRBTC","a":2725746,"T":1597075814060,"e":"aggTrade","p":"0.00000103","f":5066328},{"m":false,"E":1597075815736,"l":5066329,"M":true,"q":"321.00000000","s":"CELRBTC","a":2725747,"T":1597075815735,"e":"aggTrade","p":"0.00000103","f":5066329},{"m":false,"E":1597075816048,"l":5066330,"M":true,"q":"195.00000000","s":"CELRBTC","a":2725748,"T":1597075816047,"e":"aggTrade","p":"0.00000103","f":5066330},{"m":false,"E":1597075816507,"l":5066331,"M":true,"q":"132.00000000","s":"CELRBTC","a":2725749,"T":1597075816505,"e":"aggTrade","p":"0.00000103","f":5066331},{"m":false,"E":1597075816787,"l":5066332,"M":true,"q":"24370.00000000","s":"CELRBTC","a":2725750,"T":1597075816786,"e":"aggTrade","p":"0.00000103","f":5066332},{"m":false,"E":1597075817046,"l":5066333,"M":true,"q":"258.00000000","s":"CELRBTC","a":2725751,"T":1597075817045,"e":"aggTrade","p":"0.00000103","f":5066333},{"m":false,"E":1597075817359,"l":5066334,"M":true,"q":"132.00000000","s":"CELRBTC","a":2725752,"T":1597075817358,"e":"aggTrade","p":"0.00000103","f":5066334},{"m":false,"E":1597075818927,"l":5066335,"M":true,"q":"123.00000000","s":"CELRBTC","a":2725753,"T":1597075818926,"e":"aggTrade","p":"0.00000103","f":5066335},{"m":false,"E":1597075819729,"l":5066336,"M":true,"q":"14579.00000000","s":"CELRBTC","a":2725754,"T":1597075819728,"e":"aggTrade","p":"0.00000103","f":5066336},{"m":false,"E":1597075819894,"l":5066337,"M":true,"q":"123.00000000","s":"CELRBTC","a":2725755,"T":1597075819893,"e":"aggTrade","p":"0.00000103","f":5066337},{"m":false,"E":1597075819972,"l":5066338,"M":true,"q":"32901.00000000","s":"CELRBTC","a":2725756,"T":1597075819971,"e":"aggTrade","p":"0.00000103","f":5066338},{"m":false,"E":1597075820790,"l":5066339,"M":true,"q":"132.00000000","s":"CELRBTC","a":2725757,"T":1597075820789,"e":"aggTrade","p":"0.00000103","f":5066339},{"m":false,"E":1597075821596,"l":5066340,"M":true,"q":"123.00000000","s":"CELRBTC","a":2725758,"T":1597075821595,"e":"aggTrade","p":"0.00000103","f":5066340},{"m":false,"E":1597075822398,"l":5066341,"M":true,"q":"123.00000000","s":"CELRBTC","a":2725759,"T":1597075822397,"e":"aggTrade","p":"0.00000103","f":5066341},{"m":false,"E":1597075823175,"l":5066342,"M":true,"q":"132.00000000","s":"CELRBTC","a":2725760,"T":1597075823174,"e":"aggTrade","p":"0.00000103","f":5066342},{"m":false,"E":1597075823679,"l":5066343,"M":true,"q":"3304.00000000","s":"CELRBTC","a":2725761,"T":1597075823678,"e":"aggTrade","p":"0.00000103","f":5066343},{"m":false,"E":1597075824813,"l":5066344,"M":true,"q":"45107.00000000","s":"CELRBTC","a":2725762,"T":1597075824812,"e":"aggTrade","p":"0.00000103","f":5066344},{"m":false,"E":1597075824913,"l":5066345,"M":true,"q":"48681.00000000","s":"CELRBTC","a":2725763,"T":1597075824912,"e":"aggTrade","p":"0.00000103","f":5066345},{"m":false,"E":1597075825010,"l":5066346,"M":true,"q":"10721.00000000","s":"CELRBTC","a":2725764,"T":1597075825009,"e":"aggTrade","p":"0.00000103","f":5066346},{"m":false,"E":1597075825654,"l":5066347,"M":true,"q":"16886.00000000","s":"CELRBTC","a":2725765,"T":1597075825652,"e":"aggTrade","p":"0.00000103","f":5066347},{"m":false,"E":1597075825866,"l":5066348,"M":true,"q":"47534.00000000","s":"CELRBTC","a":2725766,"T":1597075825865,"e":"aggTrade","p":"0.00000103","f":5066348},{"m":false,"E":1597075826090,"l":5066349,"M":true,"q":"16964.00000000","s":"CELRBTC","a":2725767,"T":1597075826089,"e":"aggTrade","p":"0.00000103","f":5066349},{"m":false,"E":1597075826186,"l":5066350,"M":true,"q":"17437.00000000","s":"CELRBTC","a":2725768,"T":1597075826184,"e":"aggTrade","p":"0.00000103","f":5066350},{"m":false,"E":1597075826880,"l":5066351,"M":true,"q":"123.00000000","s":"CELRBTC","a":2725769,"T":1597075826879,"e":"aggTrade","p":"0.00000103","f":5066351},{"m":false,"E":1597075827330,"l":5066352,"M":true,"q":"17768.00000000","s":"CELRBTC","a":2725770,"T":1597075827329,"e":"aggTrade","p":"0.00000103","f":5066352},{"m":false,"E":1597075827422,"l":5066353,"M":true,"q":"9983.00000000","s":"CELRBTC","a":2725771,"T":1597075827421,"e":"aggTrade","p":"0.00000103","f":5066353},{"m":false,"E":1597075827433,"l":5066355,"M":true,"q":"49711.00000000","s":"CELRBTC","a":2725772,"T":1597075827431,"e":"aggTrade","p":"0.00000103","f":5066354},{"m":false,"E":1597075827638,"l":5066358,"M":true,"q":"46272.00000000","s":"CELRBTC","a":2725773,"T":1597075827637,"e":"aggTrade","p":"0.00000103","f":5066356},{"m":false,"E":1597075827710,"l":5066359,"M":true,"q":"123.00000000","s":"CELRBTC","a":2725774,"T":1597075827709,"e":"aggTrade","p":"0.00000103","f":5066359},{"m":false,"E":1597075827743,"l":5066361,"M":true,"q":"52352.00000000","s":"CELRBTC","a":2725775,"T":1597075827741,"e":"aggTrade","p":"0.00000103","f":5066360},{"m":false,"E":1597075827849,"l":5066364,"M":true,"q":"18347.00000000","s":"CELRBTC","a":2725776,"T":1597075827847,"e":"aggTrade","p":"0.00000103","f":5066362},{"m":false,"E":1597075827957,"l":5066365,"M":true,"q":"44463.00000000","s":"CELRBTC","a":2725777,"T":1597075827956,"e":"aggTrade","p":"0.00000103","f":5066365},{"m":false,"E":1597075828145,"l":5066370,"M":true,"q":"51937.00000000","s":"CELRBTC","a":2725778,"T":1597075828144,"e":"aggTrade","p":"0.00000103","f":5066366},{"m":false,"E":1597075828183,"l":5066371,"M":true,"q":"52328.00000000","s":"CELRBTC","a":2725779,"T":1597075828181,"e":"aggTrade","p":"0.00000103","f":5066371},{"m":false,"E":1597075828265,"l":5066372,"M":true,"q":"87117.00000000","s":"CELRBTC","a":2725780,"T":1597075828264,"e":"aggTrade","p":"0.00000103","f":5066372},{"m":true,"E":1597075828288,"l":5066374,"M":true,"q":"6928.00000000","s":"CELRBTC","a":2725781,"T":1597075828287,"e":"aggTrade","p":"0.00000102","f":5066373},{"m":false,"E":1597075828300,"l":5066375,"M":true,"q":"44731.00000000","s":"CELRBTC","a":2725782,"T":1597075828296,"e":"aggTrade","p":"0.00000103","f":5066375},{"m":false,"E":1597075828398,"l":5066376,"M":true,"q":"21315.00000000","s":"CELRBTC","a":2725783,"T":1597075828397,"e":"aggTrade","p":"0.00000103","f":5066376},{"m":false,"E":1597075828470,"l":5066377,"M":true,"q":"6043.00000000","s":"CELRBTC","a":2725784,"T":1597075828469,"e":"aggTrade","p":"0.00000103","f":5066377},{"m":false,"E":1597075828575,"l":5066378,"M":true,"q":"27.00000000","s":"CELRBTC","a":2725785,"T":1597075828573,"e":"aggTrade","p":"0.00000103","f":5066378},{"m":false,"E":1597075829605,"l":5066384,"M":true,"q":"814645.00000000","s":"CELRBTC","a":2725786,"T":1597075829603,"e":"aggTrade","p":"0.00000103","f":5066379},{"m":false,"E":1597075829843,"l":5066385,"M":true,"q":"132.00000000","s":"CELRBTC","a":2725787,"T":1597075829842,"e":"aggTrade","p":"0.00000103","f":5066385},{"m":false,"E":1597075831763,"l":5066388,"M":true,"q":"185598.00000000","s":"CELRBTC","a":2725788,"T":1597075831762,"e":"aggTrade","p":"0.00000103","f":5066386},{"m":true,"E":1597075832960,"l":5066389,"M":true,"q":"103.00000000","s":"CELRBTC","a":2725789,"T":1597075832959,"e":"aggTrade","p":"0.00000103","f":5066389},{"m":true,"E":1597075833151,"l":5066390,"M":true,"q":"1719.00000000","s":"CELRBTC","a":2725790,"T":1597075833150,"e":"aggTrade","p":"0.00000103","f":5066390},{"m":false,"E":1597075833178,"l":5066393,"M":true,"q":"6000.00000000","s":"CELRBTC","a":2725791,"T":1597075833177,"e":"aggTrade","p":"0.00000104","f":5066391},{"m":false,"E":1597075833180,"l":5066409,"M":true,"q":"161000.00000000","s":"CELRBTC","a":2725792,"T":1597075833177,"e":"aggTrade","p":"0.00000104","f":5066394},{"m":false,"E":1597075833180,"l":5066415,"M":true,"q":"162000.00000000","s":"CELRBTC","a":2725793,"T":1597075833177,"e":"aggTrade","p":"0.00000104","f":5066410},{"m":true,"E":1597075833582,"l":5066417,"M":true,"q":"120851.00000000","s":"CELRBTC","a":2725794,"T":1597075833581,"e":"aggTrade","p":"0.00000103","f":5066416},{"m":true,"E":1597075834368,"l":5066422,"M":true,"q":"582524.00000000","s":"CELRBTC","a":2725795,"T":1597075834366,"e":"aggTrade","p":"0.00000103","f":5066418},{"m":true,"E":1597075834513,"l":5066423,"M":true,"q":"6941.00000000","s":"CELRBTC","a":2725796,"T":1597075834512,"e":"aggTrade","p":"0.00000103","f":5066423},{"m":true,"E":1597075836174,"l":5066424,"M":true,"q":"1971.00000000","s":"CELRBTC","a":2725797,"T":1597075836173,"e":"aggTrade","p":"0.00000103","f":5066424},{"m":false,"E":1597075836403,"l":5066425,"M":true,"q":"1151.00000000","s":"CELRBTC","a":2725798,"T":1597075836402,"e":"aggTrade","p":"0.00000104","f":5066425},{"m":false,"E":1597075841958,"l":5066426,"M":true,"q":"385.00000000","s":"CELRBTC","a":2725799,"T":1597075841957,"e":"aggTrade","p":"0.00000104","f":5066426},{"m":false,"E":1597075843260,"l":5066427,"M":true,"q":"2662.00000000","s":"CELRBTC","a":2725800,"T":1597075843259,"e":"aggTrade","p":"0.00000104","f":5066427},{"m":false,"E":1597075844047,"l":5066428,"M":true,"q":"3160.00000000","s":"CELRBTC","a":2725801,"T":1597075844046,"e":"aggTrade","p":"0.00000104","f":5066428},{"m":true,"E":1597075846112,"l":5066429,"M":true,"q":"10309.00000000","s":"CELRBTC","a":2725802,"T":1597075846111,"e":"aggTrade","p":"0.00000103","f":5066429},{"m":true,"E":1597075848059,"l":5066430,"M":true,"q":"38327.00000000","s":"CELRBTC","a":2725803,"T":1597075848058,"e":"aggTrade","p":"0.00000103","f":5066430},{"m":false,"E":1597075848280,"l":5066431,"M":true,"q":"10000.00000000","s":"CELRBTC","a":2725804,"T":1597075848279,"e":"aggTrade","p":"0.00000104","f":5066431},{"m":true,"E":1597075852703,"l":5066432,"M":true,"q":"279.00000000","s":"CELRBTC","a":2725805,"T":1597075852702,"e":"aggTrade","p":"0.00000103","f":5066432},{"m":true,"E":1597075853727,"l":5066433,"M":true,"q":"677.00000000","s":"CELRBTC","a":2725806,"T":1597075853726,"e":"aggTrade","p":"0.00000103","f":5066433},{"m":false,"E":1597075862478,"l":5066434,"M":true,"q":"1558.00000000","s":"CELRBTC","a":2725807,"T":1597075862477,"e":"aggTrade","p":"0.00000104","f":5066434},{"m":false,"E":1597075863985,"l":5066435,"M":true,"q":"6000.00000000","s":"CELRBTC","a":2725808,"T":1597075863983,"e":"aggTrade","p":"0.00000104","f":5066435},{"m":true,"E":1597075866378,"l":5066436,"M":true,"q":"98.00000000","s":"CELRBTC","a":2725809,"T":1597075866377,"e":"aggTrade","p":"0.00000103","f":5066436},{"m":true,"E":1597075867675,"l":5066437,"M":true,"q":"1151.00000000","s":"CELRBTC","a":2725810,"T":1597075867674,"e":"aggTrade","p":"0.00000103","f":5066437},{"m":false,"E":1597075868161,"l":5066438,"M":true,"q":"70000.00000000","s":"CELRBTC","a":2725811,"T":1597075868160,"e":"aggTrade","p":"0.00000104","f":5066438},{"m":true,"E":1597075869047,"l":5066447,"M":true,"q":"403441.00000000","s":"CELRBTC","a":2725812,"T":1597075869045,"e":"aggTrade","p":"0.00000103","f":5066439},{"m":false,"E":1597075869055,"l":5066448,"M":true,"q":"20868.00000000","s":"CELRBTC","a":2725813,"T":1597075869053,"e":"aggTrade","p":"0.00000103","f":5066448},{"m":false,"E":1597075869092,"l":5066449,"M":true,"q":"37566.00000000","s":"CELRBTC","a":2725814,"T":1597075869091,"e":"aggTrade","p":"0.00000103","f":5066449},{"m":false,"E":1597075869138,"l":5066450,"M":true,"q":"11220.00000000","s":"CELRBTC","a":2725815,"T":1597075869137,"e":"aggTrade","p":"0.00000103","f":5066450},{"m":false,"E":1597075869331,"l":5066451,"M":true,"q":"14752.00000000","s":"CELRBTC","a":2725816,"T":1597075869329,"e":"aggTrade","p":"0.00000103","f":5066451},{"m":false,"E":1597075869680,"l":5066452,"M":true,"q":"1151.00000000","s":"CELRBTC","a":2725817,"T":1597075869679,"e":"aggTrade","p":"0.00000103","f":5066452},{"m":false,"E":1597075870614,"l":5066455,"M":true,"q":"890591.00000000","s":"CELRBTC","a":2725818,"T":1597075870607,"e":"aggTrade","p":"0.00000103","f":5066453},{"m":false,"E":1597075870614,"l":5066517,"M":true,"q":"3329026.00000000","s":"CELRBTC","a":2725819,"T":1597075870607,"e":"aggTrade","p":"0.00000104","f":5066456},{"m":true,"E":1597075870620,"l":5066518,"M":true,"q":"11192.00000000","s":"CELRBTC","a":2725820,"T":1597075870618,"e":"aggTrade","p":"0.00000104","f":5066518},{"m":true,"E":1597075870623,"l":5066519,"M":true,"q":"21329.00000000","s":"CELRBTC","a":2725821,"T":1597075870621,"e":"aggTrade","p":"0.00000104","f":5066519},{"m":true,"E":1597075870644,"l":5066520,"M":true,"q":"137536.00000000","s":"CELRBTC","a":2725822,"T":1597075870643,"e":"aggTrade","p":"0.00000104","f":5066520},{"m":true,"E":1597075870650,"l":5066521,"M":true,"q":"109083.00000000","s":"CELRBTC","a":2725823,"T":1597075870648,"e":"aggTrade","p":"0.00000104","f":5066521},{"m":true,"E":1597075870677,"l":5066522,"M":true,"q":"125000.00000000","s":"CELRBTC","a":2725824,"T":1597075870676,"e":"aggTrade","p":"0.00000104","f":5066522},{"m":true,"E":1597075870712,"l":5066523,"M":true,"q":"125000.00000000","s":"CELRBTC","a":2725825,"T":1597075870711,"e":"aggTrade","p":"0.00000104","f":5066523},{"m":true,"E":1597075870725,"l":5066524,"M":true,"q":"52509.00000000","s":"CELRBTC","a":2725826,"T":1597075870724,"e":"aggTrade","p":"0.00000104","f":5066524},{"m":true,"E":1597075870741,"l":5066525,"M":true,"q":"10000.00000000","s":"CELRBTC","a":2725827,"T":1597075870740,"e":"aggTrade","p":"0.00000104","f":5066525},{"m":true,"E":1597075870759,"l":5066526,"M":true,"q":"125000.00000000","s":"CELRBTC","a":2725828,"T":1597075870758,"e":"aggTrade","p":"0.00000104","f":5066526},{"m":true,"E":1597075870801,"l":5066527,"M":true,"q":"125000.00000000","s":"CELRBTC","a":2725829,"T":1597075870800,"e":"aggTrade","p":"0.00000104","f":5066527},{"m":true,"E":1597075870831,"l":5066528,"M":true,"q":"46895.00000000","s":"CELRBTC","a":2725830,"T":1597075870830,"e":"aggTrade","p":"0.00000104","f":5066528},{"m":true,"E":1597075870853,"l":5066529,"M":true,"q":"26622.00000000","s":"CELRBTC","a":2725831,"T":1597075870852,"e":"aggTrade","p":"0.00000104","f":5066529},{"m":true,"E":1597075870929,"l":5066530,"M":true,"q":"1041.00000000","s":"CELRBTC","a":2725832,"T":1597075870928,"e":"aggTrade","p":"0.00000104","f":5066530},{"m":true,"E":1597075871035,"l":5066531,"M":true,"q":"3581.00000000","s":"CELRBTC","a":2725833,"T":1597075871034,"e":"aggTrade","p":"0.00000104","f":5066531},{"m":true,"E":1597075871155,"l":5066532,"M":true,"q":"2109.00000000","s":"CELRBTC","a":2725834,"T":1597075871153,"e":"aggTrade","p":"0.00000104","f":5066532},{"m":true,"E":1597075871219,"l":5066533,"M":true,"q":"18281.00000000","s":"CELRBTC","a":2725835,"T":1597075871218,"e":"aggTrade","p":"0.00000104","f":5066533},{"m":true,"E":1597075871247,"l":5066534,"M":true,"q":"4290.00000000","s":"CELRBTC","a":2725836,"T":1597075871246,"e":"aggTrade","p":"0.00000104","f":5066534},{"m":true,"E":1597075871356,"l":5066535,"M":true,"q":"3127.00000000","s":"CELRBTC","a":2725837,"T":1597075871354,"e":"aggTrade","p":"0.00000104","f":5066535},{"m":true,"E":1597075871420,"l":5066536,"M":true,"q":"1052.00000000","s":"CELRBTC","a":2725838,"T":1597075871419,"e":"aggTrade","p":"0.00000104","f":5066536},{"m":true,"E":1597075871773,"l":5066537,"M":true,"q":"2272.00000000","s":"CELRBTC","a":2725839,"T":1597075871772,"e":"aggTrade","p":"0.00000104","f":5066537},{"m":true,"E":1597075871917,"l":5066538,"M":true,"q":"3400.00000000","s":"CELRBTC","a":2725840,"T":1597075871916,"e":"aggTrade","p":"0.00000104","f":5066538},{"m":true,"E":1597075872109,"l":5066539,"M":true,"q":"8228.00000000","s":"CELRBTC","a":2725841,"T":1597075872107,"e":"aggTrade","p":"0.00000104","f":5066539},{"m":true,"E":1597075872117,"l":5066540,"M":true,"q":"8228.00000000","s":"CELRBTC","a":2725842,"T":1597075872115,"e":"aggTrade","p":"0.00000104","f":5066540},{"m":true,"E":1597075872136,"l":5066541,"M":true,"q":"8519.00000000","s":"CELRBTC","a":2725843,"T":1597075872135,"e":"aggTrade","p":"0.00000104","f":5066541},{"m":false,"E":1597075872670,"l":5066543,"M":true,"q":"1140.00000000","s":"CELRBTC","a":2725844,"T":1597075872668,"e":"aggTrade","p":"0.00000105","f":5066542},{"m":true,"E":1597075872670,"l":5066544,"M":true,"q":"830.00000000","s":"CELRBTC","a":2725845,"T":1597075872668,"e":"aggTrade","p":"0.00000104","f":5066544},{"m":true,"E":1597075873169,"l":5066545,"M":true,"q":"57733.00000000","s":"CELRBTC","a":2725846,"T":1597075873168,"e":"aggTrade","p":"0.00000104","f":5066545},{"m":false,"E":1597075873298,"l":5066570,"M":true,"q":"116293.00000000","s":"CELRBTC","a":2725847,"T":1597075873294,"e":"aggTrade","p":"0.00000105","f":5066546},{"m":true,"E":1597075874659,"l":5066571,"M":true,"q":"13536.00000000","s":"CELRBTC","a":2725848,"T":1597075874657,"e":"aggTrade","p":"0.00000104","f":5066571},{"m":true,"E":1597075874660,"l":5066572,"M":true,"q":"101163.00000000","s":"CELRBTC","a":2725849,"T":1597075874659,"e":"aggTrade","p":"0.00000104","f":5066572},{"m":true,"E":1597075874668,"l":5066573,"M":true,"q":"5554.00000000","s":"CELRBTC","a":2725850,"T":1597075874664,"e":"aggTrade","p":"0.00000104","f":5066573},{"m":true,"E":1597075874677,"l":5066574,"M":true,"q":"365555.00000000","s":"CELRBTC","a":2725851,"T":1597075874676,"e":"aggTrade","p":"0.00000104","f":5066574},{"m":true,"E":1597075874686,"l":5066576,"M":true,"q":"33320.00000000","s":"CELRBTC","a":2725852,"T":1597075874685,"e":"aggTrade","p":"0.00000104","f":5066575},{"m":true,"E":1597075874821,"l":5066577,"M":true,"q":"16172.00000000","s":"CELRBTC","a":2725853,"T":1597075874820,"e":"aggTrade","p":"0.00000104","f":5066577},{"m":false,"E":1597075875267,"l":5066579,"M":true,"q":"1252.00000000","s":"CELRBTC","a":2725854,"T":1597075875266,"e":"aggTrade","p":"0.00000104","f":5066578},{"m":true,"E":1597075875350,"l":5066580,"M":true,"q":"3346.00000000","s":"CELRBTC","a":2725855,"T":1597075875349,"e":"aggTrade","p":"0.00000104","f":5066580},{"m":true,"E":1597075875417,"l":5066581,"M":true,"q":"7790.00000000","s":"CELRBTC","a":2725856,"T":1597075875415,"e":"aggTrade","p":"0.00000104","f":5066581},{"m":false,"E":1597075876400,"l":5066584,"M":true,"q":"447936.00000000","s":"CELRBTC","a":2725857,"T":1597075876398,"e":"aggTrade","p":"0.00000104","f":5066582},{"m":false,"E":1597075876400,"l":5066600,"M":true,"q":"490948.00000000","s":"CELRBTC","a":2725858,"T":1597075876398,"e":"aggTrade","p":"0.00000105","f":5066585},{"m":false,"E":1597075877837,"l":5066603,"M":true,"q":"1878.00000000","s":"CELRBTC","a":2725859,"T":1597075877836,"e":"aggTrade","p":"0.00000104","f":5066601},{"m":false,"E":1597075877837,"l":5066604,"M":true,"q":"1932.00000000","s":"CELRBTC","a":2725860,"T":1597075877836,"e":"aggTrade","p":"0.00000105","f":5066604},{"m":true,"E":1597075877858,"l":5066605,"M":true,"q":"33330.00000000","s":"CELRBTC","a":2725861,"T":1597075877857,"e":"aggTrade","p":"0.00000104","f":5066605},{"m":false,"E":1597075877902,"l":5066606,"M":true,"q":"762.00000000","s":"CELRBTC","a":2725862,"T":1597075877901,"e":"aggTrade","p":"0.00000104","f":5066606},{"m":false,"E":1597075877936,"l":5066607,"M":true,"q":"191.00000000","s":"CELRBTC","a":2725863,"T":1597075877934,"e":"aggTrade","p":"0.00000104","f":5066607},{"m":false,"E":1597075877954,"l":5066608,"M":true,"q":"546.00000000","s":"CELRBTC","a":2725864,"T":1597075877952,"e":"aggTrade","p":"0.00000104","f":5066608},{"m":false,"E":1597075877954,"l":5066609,"M":true,"q":"407.00000000","s":"CELRBTC","a":2725865,"T":1597075877952,"e":"aggTrade","p":"0.00000105","f":5066609},{"m":false,"E":1597075877973,"l":5066610,"M":true,"q":"97.00000000","s":"CELRBTC","a":2725866,"T":1597075877972,"e":"aggTrade","p":"0.00000105","f":5066610},{"m":false,"E":1597075877999,"l":5066611,"M":true,"q":"381.00000000","s":"CELRBTC","a":2725867,"T":1597075877998,"e":"aggTrade","p":"0.00000105","f":5066611},{"m":false,"E":1597075878326,"l":5066612,"M":true,"q":"5000.00000000","s":"CELRBTC","a":2725868,"T":1597075878325,"e":"aggTrade","p":"0.00000104","f":5066612},{"m":false,"E":1597075878349,"l":5066613,"M":true,"q":"3652.00000000","s":"CELRBTC","a":2725869,"T":1597075878347,"e":"aggTrade","p":"0.00000104","f":5066613},{"m":false,"E":1597075878407,"l":5066614,"M":true,"q":"1429.00000000","s":"CELRBTC","a":2725870,"T":1597075878406,"e":"aggTrade","p":"0.00000104","f":5066614},{"m":false,"E":1597075878484,"l":5066615,"M":true,"q":"32198.00000000","s":"CELRBTC","a":2725871,"T":1597075878482,"e":"aggTrade","p":"0.00000104","f":5066615},{"m":false,"E":1597075878484,"l":5066617,"M":true,"q":"27802.00000000","s":"CELRBTC","a":2725872,"T":1597075878482,"e":"aggTrade","p":"0.00000105","f":5066616},{"m":true,"E":1597075878670,"l":5066618,"M":true,"q":"923.00000000","s":"CELRBTC","a":2725873,"T":1597075878669,"e":"aggTrade","p":"0.00000104","f":5066618},{"m":true,"E":1597075878772,"l":5066619,"M":true,"q":"25207.00000000","s":"CELRBTC","a":2725874,"T":1597075878771,"e":"aggTrade","p":"0.00000104","f":5066619},{"m":false,"E":1597075878960,"l":5066620,"M":true,"q":"148.00000000","s":"CELRBTC","a":2725875,"T":1597075878959,"e":"aggTrade","p":"0.00000104","f":5066620},{"m":false,"E":1597075879726,"l":5066621,"M":true,"q":"116.00000000","s":"CELRBTC","a":2725876,"T":1597075879724,"e":"aggTrade","p":"0.00000104","f":5066621},{"m":false,"E":1597075881184,"l":5066622,"M":true,"q":"1206.00000000","s":"CELRBTC","a":2725877,"T":1597075881183,"e":"aggTrade","p":"0.00000104","f":5066622},{"m":false,"E":1597075882100,"l":5066623,"M":true,"q":"928.00000000","s":"CELRBTC","a":2725878,"T":1597075882099,"e":"aggTrade","p":"0.00000104","f":5066623},{"m":false,"E":1597075883244,"l":5066625,"M":true,"q":"838.00000000","s":"CELRBTC","a":2725879,"T":1597075883241,"e":"aggTrade","p":"0.00000104","f":5066624},{"m":false,"E":1597075883244,"l":5066636,"M":true,"q":"63766.00000000","s":"CELRBTC","a":2725880,"T":1597075883241,"e":"aggTrade","p":"0.00000105","f":5066626},{"m":false,"E":1597075883318,"l":5066638,"M":true,"q":"2823.00000000","s":"CELRBTC","a":2725881,"T":1597075883316,"e":"aggTrade","p":"0.00000105","f":5066637},{"m":true,"E":1597075883345,"l":5066639,"M":true,"q":"6088.00000000","s":"CELRBTC","a":2725882,"T":1597075883344,"e":"aggTrade","p":"0.00000104","f":5066639},{"m":true,"E":1597075883638,"l":5066640,"M":true,"q":"6088.00000000","s":"CELRBTC","a":2725883,"T":1597075883638,"e":"aggTrade","p":"0.00000104","f":5066640},{"m":false,"E":1597075883823,"l":5066641,"M":true,"q":"3200.00000000","s":"CELRBTC","a":2725884,"T":1597075883822,"e":"aggTrade","p":"0.00000105","f":5066641},{"m":true,"E":1597075884169,"l":5066642,"M":true,"q":"1629.00000000","s":"CELRBTC","a":2725885,"T":1597075884168,"e":"aggTrade","p":"0.00000104","f":5066642},{"m":false,"E":1597075884480,"l":5066643,"M":true,"q":"4266.00000000","s":"CELRBTC","a":2725886,"T":1597075884479,"e":"aggTrade","p":"0.00000104","f":5066643},{"m":false,"E":1597075885603,"l":5066644,"M":true,"q":"797.00000000","s":"CELRBTC","a":2725887,"T":1597075885601,"e":"aggTrade","p":"0.00000104","f":5066644},{"m":false,"E":1597075885945,"l":5066645,"M":true,"q":"98.00000000","s":"CELRBTC","a":2725888,"T":1597075885944,"e":"aggTrade","p":"0.00000104","f":5066645},{"m":false,"E":1597075888058,"l":5066649,"M":true,"q":"37171.00000000","s":"CELRBTC","a":2725889,"T":1597075888057,"e":"aggTrade","p":"0.00000104","f":5066646},{"m":true,"E":1597075888081,"l":5066650,"M":true,"q":"715.00000000","s":"CELRBTC","a":2725890,"T":1597075888080,"e":"aggTrade","p":"0.00000104","f":5066650},{"m":true,"E":1597075888165,"l":5066651,"M":true,"q":"4163.00000000","s":"CELRBTC","a":2725891,"T":1597075888163,"e":"aggTrade","p":"0.00000104","f":5066651},{"m":true,"E":1597075888200,"l":5066652,"M":true,"q":"2885.00000000","s":"CELRBTC","a":2725892,"T":1597075888199,"e":"aggTrade","p":"0.00000104","f":5066652},{"m":true,"E":1597075888275,"l":5066653,"M":true,"q":"4327.00000000","s":"CELRBTC","a":2725893,"T":1597075888274,"e":"aggTrade","p":"0.00000104","f":5066653},{"m":true,"E":1597075888362,"l":5066654,"M":true,"q":"3672.00000000","s":"CELRBTC","a":2725894,"T":1597075888361,"e":"aggTrade","p":"0.00000104","f":5066654},{"m":true,"E":1597075888464,"l":5066655,"M":true,"q":"4072.00000000","s":"CELRBTC","a":2725895,"T":1597075888463,"e":"aggTrade","p":"0.00000104","f":5066655},{"m":false,"E":1597075888544,"l":5066669,"M":true,"q":"97522.00000000","s":"CELRBTC","a":2725896,"T":1597075888541,"e":"aggTrade","p":"0.00000105","f":5066656},{"m":false,"E":1597075892431,"l":5066670,"M":true,"q":"191.00000000","s":"CELRBTC","a":2725897,"T":1597075892430,"e":"aggTrade","p":"0.00000105","f":5066670},{"m":false,"E":1597075892922,"l":5066671,"M":true,"q":"191.00000000","s":"CELRBTC","a":2725898,"T":1597075892921,"e":"aggTrade","p":"0.00000105","f":5066671},{"m":false,"E":1597075893236,"l":5066672,"M":true,"q":"953.00000000","s":"CELRBTC","a":2725899,"T":1597075893235,"e":"aggTrade","p":"0.00000105","f":5066672},{"m":false,"E":1597075893480,"l":5066674,"M":true,"q":"15500.00000000","s":"CELRBTC","a":2725900,"T":1597075893478,"e":"aggTrade","p":"0.00000105","f":5066673},{"m":false,"E":1597075893534,"l":5066690,"M":true,"q":"239615.00000000","s":"CELRBTC","a":2725901,"T":1597075893530,"e":"aggTrade","p":"0.00000105","f":5066675},{"m":false,"E":1597075893936,"l":5066696,"M":true,"q":"23290.00000000","s":"CELRBTC","a":2725902,"T":1597075893934,"e":"aggTrade","p":"0.00000105","f":5066691},{"m":true,"E":1597075894831,"l":5066697,"M":true,"q":"91150.00000000","s":"CELRBTC","a":2725903,"T":1597075894830,"e":"aggTrade","p":"0.00000104","f":5066697},{"m":true,"E":1597075894833,"l":5066699,"M":true,"q":"108965.00000000","s":"CELRBTC","a":2725904,"T":1597075894832,"e":"aggTrade","p":"0.00000104","f":5066698},{"m":true,"E":1597075895941,"l":5066700,"M":true,"q":"2385.00000000","s":"CELRBTC","a":2725905,"T":1597075895939,"e":"aggTrade","p":"0.00000104","f":5066700},{"m":true,"E":1597075898795,"l":5066701,"M":true,"q":"5236.00000000","s":"CELRBTC","a":2725906,"T":1597075898793,"e":"aggTrade","p":"0.00000104","f":5066701},{"m":true,"E":1597075898896,"l":5066702,"M":true,"q":"4418.00000000","s":"CELRBTC","a":2725907,"T":1597075898895,"e":"aggTrade","p":"0.00000104","f":5066702},{"m":true,"E":1597075899106,"l":5066703,"M":true,"q":"4036.00000000","s":"CELRBTC","a":2725908,"T":1597075899105,"e":"aggTrade","p":"0.00000104","f":5066703},{"m":true,"E":1597075899215,"l":5066705,"M":true,"q":"3927.00000000","s":"CELRBTC","a":2725909,"T":1597075899214,"e":"aggTrade","p":"0.00000104","f":5066704},{"m":true,"E":1597075899314,"l":5066706,"M":true,"q":"2854.00000000","s":"CELRBTC","a":2725910,"T":1597075899313,"e":"aggTrade","p":"0.00000104","f":5066706},{"m":true,"E":1597075899432,"l":5066707,"M":true,"q":"2854.00000000","s":"CELRBTC","a":2725911,"T":1597075899431,"e":"aggTrade","p":"0.00000104","f":5066707},{"m":true,"E":1597075899526,"l":5066708,"M":true,"q":"2308.00000000","s":"CELRBTC","a":2725912,"T":1597075899525,"e":"aggTrade","p":"0.00000104","f":5066708},{"m":false,"E":1597075900392,"l":5066714,"M":true,"q":"26498.00000000","s":"CELRBTC","a":2725913,"T":1597075900391,"e":"aggTrade","p":"0.00000105","f":5066709},{"m":false,"E":1597075901156,"l":5066716,"M":true,"q":"10097.00000000","s":"CELRBTC","a":2725914,"T":1597075901155,"e":"aggTrade","p":"0.00000105","f":5066715},{"m":true,"E":1597075902416,"l":5066721,"M":true,"q":"57931.00000000","s":"CELRBTC","a":2725915,"T":1597075902415,"e":"aggTrade","p":"0.00000104","f":5066717},{"m":true,"E":1597075904195,"l":5066722,"M":true,"q":"1140.00000000","s":"CELRBTC","a":2725916,"T":1597075904194,"e":"aggTrade","p":"0.00000104","f":5066722},{"m":false,"E":1597075905446,"l":5066723,"M":true,"q":"1153.00000000","s":"CELRBTC","a":2725917,"T":1597075905441,"e":"aggTrade","p":"0.00000105","f":5066723},{"m":false,"E":1597075905614,"l":5066724,"M":true,"q":"1140.00000000","s":"CELRBTC","a":2725918,"T":1597075905613,"e":"aggTrade","p":"0.00000105","f":5066724},{"m":true,"E":1597075906418,"l":5066725,"M":true,"q":"7671.00000000","s":"CELRBTC","a":2725919,"T":1597075906417,"e":"aggTrade","p":"0.00000104","f":5066725},{"m":true,"E":1597075906571,"l":5066726,"M":true,"q":"15931.00000000","s":"CELRBTC","a":2725920,"T":1597075906570,"e":"aggTrade","p":"0.00000104","f":5066726},{"m":true,"E":1597075908463,"l":5066727,"M":true,"q":"10736.00000000","s":"CELRBTC","a":2725921,"T":1597075908462,"e":"aggTrade","p":"0.00000104","f":5066727},{"m":false,"E":1597075910972,"l":5066728,"M":true,"q":"4307.00000000","s":"CELRBTC","a":2725922,"T":1597075910971,"e":"aggTrade","p":"0.00000105","f":5066728},{"m":true,"E":1597075915503,"l":5066729,"M":true,"q":"1000.00000000","s":"CELRBTC","a":2725923,"T":1597075915502,"e":"aggTrade","p":"0.00000104","f":5066729},{"m":true,"E":1597075915810,"l":5066730,"M":true,"q":"647.00000000","s":"CELRBTC","a":2725924,"T":1597075915809,"e":"aggTrade","p":"0.00000104","f":5066730},{"m":false,"E":1597075917635,"l":5066731,"M":true,"q":"5015.00000000","s":"CELRBTC","a":2725925,"T":1597075917634,"e":"aggTrade","p":"0.00000105","f":5066731},{"m":false,"E":1597075917854,"l":5066732,"M":true,"q":"191.00000000","s":"CELRBTC","a":2725926,"T":1597075917852,"e":"aggTrade","p":"0.00000105","f":5066732},{"m":false,"E":1597075918367,"l":5066733,"M":true,"q":"3211.00000000","s":"CELRBTC","a":2725927,"T":1597075918366,"e":"aggTrade","p":"0.00000105","f":5066733},{"m":false,"E":1597075919167,"l":5066734,"M":true,"q":"2401.00000000","s":"CELRBTC","a":2725928,"T":1597075919165,"e":"aggTrade","p":"0.00000105","f":5066734},{"m":true,"E":1597075923907,"l":5066735,"M":true,"q":"54591.00000000","s":"CELRBTC","a":2725929,"T":1597075923906,"e":"aggTrade","p":"0.00000104","f":5066735},{"m":false,"E":1597075924083,"l":5066736,"M":true,"q":"2275.00000000","s":"CELRBTC","a":2725930,"T":1597075924081,"e":"aggTrade","p":"0.00000105","f":5066736},{"m":false,"E":1597075925117,"l":5066737,"M":true,"q":"308336.00000000","s":"CELRBTC","a":2725931,"T":1597075925116,"e":"aggTrade","p":"0.00000105","f":5066737},{"m":true,"E":1597075925843,"l":5066738,"M":true,"q":"35808.00000000","s":"CELRBTC","a":2725932,"T":1597075925842,"e":"aggTrade","p":"0.00000104","f":5066738},{"m":true,"E":1597075926321,"l":5066739,"M":true,"q":"8690.00000000","s":"CELRBTC","a":2725933,"T":1597075926320,"e":"aggTrade","p":"0.00000104","f":5066739},{"m":true,"E":1597075927455,"l":5066741,"M":true,"q":"44482.00000000","s":"CELRBTC","a":2725934,"T":1597075927454,"e":"aggTrade","p":"0.00000104","f":5066740},{"m":true,"E":1597075928436,"l":5066742,"M":true,"q":"16946.00000000","s":"CELRBTC","a":2725935,"T":1597075928435,"e":"aggTrade","p":"0.00000104","f":5066742},{"m":true,"E":1597075929344,"l":5066743,"M":true,"q":"1941.00000000","s":"CELRBTC","a":2725936,"T":1597075929343,"e":"aggTrade","p":"0.00000104","f":5066743}],[{"m":true,"E":1597076638523,"l":5067463,"M":true,"q":"162839.00000000","s":"CELRBTC","a":2726331,"T":1597076638521,"e":"aggTrade","p":"0.00000101","f":5067455},{"m":false,"E":1597076638545,"l":5067464,"M":true,"q":"2267.00000000","s":"CELRBTC","a":2726332,"T":1597076638544,"e":"aggTrade","p":"0.00000101","f":5067464},{"m":false,"E":1597076638569,"l":5067465,"M":true,"q":"2270.00000000","s":"CELRBTC","a":2726333,"T":1597076638568,"e":"aggTrade","p":"0.00000101","f":5067465},{"m":false,"E":1597076643594,"l":5067466,"M":true,"q":"5090.00000000","s":"CELRBTC","a":2726334,"T":1597076643592,"e":"aggTrade","p":"0.00000101","f":5067466},{"m":false,"E":1597076644600,"l":5067467,"M":true,"q":"6000.00000000","s":"CELRBTC","a":2726335,"T":1597076644599,"e":"aggTrade","p":"0.00000101","f":5067467},{"m":true,"E":1597076647909,"l":5067468,"M":true,"q":"477.00000000","s":"CELRBTC","a":2726336,"T":1597076647908,"e":"aggTrade","p":"0.00000100","f":5067468},{"m":false,"E":1597076648413,"l":5067470,"M":true,"q":"28727.00000000","s":"CELRBTC","a":2726337,"T":1597076648411,"e":"aggTrade","p":"0.00000101","f":5067469},{"m":false,"E":1597076656629,"l":5067471,"M":true,"q":"1127.00000000","s":"CELRBTC","a":2726338,"T":1597076656627,"e":"aggTrade","p":"0.00000101","f":5067471},{"m":true,"E":1597076658113,"l":5067478,"M":true,"q":"63699.00000000","s":"CELRBTC","a":2726339,"T":1597076658111,"e":"aggTrade","p":"0.00000100","f":5067472},{"m":true,"E":1597076663944,"l":5067481,"M":true,"q":"8857.00000000","s":"CELRBTC","a":2726340,"T":1597076663942,"e":"aggTrade","p":"0.00000100","f":5067479},{"m":true,"E":1597076666952,"l":5067482,"M":true,"q":"26297.00000000","s":"CELRBTC","a":2726341,"T":1597076666951,"e":"aggTrade","p":"0.00000100","f":5067482},{"m":false,"E":1597076679422,"l":5067483,"M":true,"q":"6761.00000000","s":"CELRBTC","a":2726342,"T":1597076679421,"e":"aggTrade","p":"0.00000101","f":5067483},{"m":true,"E":1597076679914,"l":5067485,"M":true,"q":"48725.00000000","s":"CELRBTC","a":2726343,"T":1597076679913,"e":"aggTrade","p":"0.00000100","f":5067484},{"m":true,"E":1597076680435,"l":5067486,"M":true,"q":"189.00000000","s":"CELRBTC","a":2726344,"T":1597076680434,"e":"aggTrade","p":"0.00000100","f":5067486},{"m":false,"E":1597076680521,"l":5067488,"M":true,"q":"83110.00000000","s":"CELRBTC","a":2726345,"T":1597076680520,"e":"aggTrade","p":"0.00000101","f":5067487},{"m":true,"E":1597076681016,"l":5067490,"M":true,"q":"64068.00000000","s":"CELRBTC","a":2726346,"T":1597076681015,"e":"aggTrade","p":"0.00000100","f":5067489},{"m":true,"E":1597076683966,"l":5067570,"M":true,"q":"4707558.00000000","s":"CELRBTC","a":2726347,"T":1597076683959,"e":"aggTrade","p":"0.00000100","f":5067491},{"m":false,"E":1597076683976,"l":5067571,"M":true,"q":"21329.00000000","s":"CELRBTC","a":2726348,"T":1597076683974,"e":"aggTrade","p":"0.00000100","f":5067571},{"m":false,"E":1597076683993,"l":5067572,"M":true,"q":"4943.00000000","s":"CELRBTC","a":2726349,"T":1597076683992,"e":"aggTrade","p":"0.00000100","f":5067572},{"m":false,"E":1597076684749,"l":5067573,"M":true,"q":"338.00000000","s":"CELRBTC","a":2726350,"T":1597076684747,"e":"aggTrade","p":"0.00000100","f":5067573},{"m":false,"E":1597076685421,"l":5067574,"M":true,"q":"167.00000000","s":"CELRBTC","a":2726351,"T":1597076685420,"e":"aggTrade","p":"0.00000100","f":5067574},{"m":false,"E":1597076685969,"l":5067575,"M":true,"q":"1229.00000000","s":"CELRBTC","a":2726352,"T":1597076685968,"e":"aggTrade","p":"0.00000100","f":5067575},{"m":false,"E":1597076686572,"l":5067576,"M":true,"q":"2115.00000000","s":"CELRBTC","a":2726353,"T":1597076686571,"e":"aggTrade","p":"0.00000100","f":5067576},{"m":true,"E":1597076687401,"l":5067578,"M":true,"q":"32607.00000000","s":"CELRBTC","a":2726354,"T":1597076687400,"e":"aggTrade","p":"0.00000099","f":5067577},{"m":true,"E":1597076687402,"l":5067589,"M":true,"q":"159609.00000000","s":"CELRBTC","a":2726355,"T":1597076687400,"e":"aggTrade","p":"0.00000099","f":5067579},{"m":true,"E":1597076687417,"l":5067590,"M":true,"q":"14185.00000000","s":"CELRBTC","a":2726356,"T":1597076687416,"e":"aggTrade","p":"0.00000099","f":5067590},{"m":true,"E":1597076687776,"l":5067592,"M":true,"q":"38569.00000000","s":"CELRBTC","a":2726357,"T":1597076687774,"e":"aggTrade","p":"0.00000099","f":5067591},{"m":true,"E":1597076689135,"l":5067601,"M":true,"q":"75000.00000000","s":"CELRBTC","a":2726358,"T":1597076689134,"e":"aggTrade","p":"0.00000099","f":5067593},{"m":true,"E":1597076690168,"l":5067617,"M":true,"q":"184593.00000000","s":"CELRBTC","a":2726359,"T":1597076690165,"e":"aggTrade","p":"0.00000099","f":5067602},{"m":true,"E":1597076690288,"l":5067622,"M":true,"q":"26120.00000000","s":"CELRBTC","a":2726360,"T":1597076690286,"e":"aggTrade","p":"0.00000099","f":5067618},{"m":true,"E":1597076690292,"l":5067626,"M":true,"q":"49647.00000000","s":"CELRBTC","a":2726361,"T":1597076690290,"e":"aggTrade","p":"0.00000099","f":5067623},{"m":true,"E":1597076690292,"l":5067627,"M":true,"q":"26120.00000000","s":"CELRBTC","a":2726362,"T":1597076690291,"e":"aggTrade","p":"0.00000099","f":5067627},{"m":true,"E":1597076690305,"l":5067628,"M":true,"q":"26928.00000000","s":"CELRBTC","a":2726363,"T":1597076690303,"e":"aggTrade","p":"0.00000099","f":5067628},{"m":true,"E":1597076692359,"l":5067629,"M":true,"q":"19441.00000000","s":"CELRBTC","a":2726364,"T":1597076692357,"e":"aggTrade","p":"0.00000099","f":5067629},{"m":false,"E":1597076692742,"l":5067630,"M":true,"q":"3276.00000000","s":"CELRBTC","a":2726365,"T":1597076692741,"e":"aggTrade","p":"0.00000100","f":5067630},{"m":true,"E":1597076693580,"l":5067637,"M":true,"q":"414245.00000000","s":"CELRBTC","a":2726366,"T":1597076693578,"e":"aggTrade","p":"0.00000099","f":5067631},{"m":false,"E":1597076693718,"l":5067638,"M":true,"q":"1694.00000000","s":"CELRBTC","a":2726367,"T":1597076693717,"e":"aggTrade","p":"0.00000099","f":5067638},{"m":false,"E":1597076694561,"l":5067639,"M":true,"q":"3704.00000000","s":"CELRBTC","a":2726368,"T":1597076694560,"e":"aggTrade","p":"0.00000099","f":5067639},{"m":true,"E":1597076694657,"l":5067642,"M":true,"q":"59407.00000000","s":"CELRBTC","a":2726369,"T":1597076694655,"e":"aggTrade","p":"0.00000098","f":5067640},{"m":true,"E":1597076694667,"l":5067643,"M":true,"q":"7446.00000000","s":"CELRBTC","a":2726370,"T":1597076694666,"e":"aggTrade","p":"0.00000098","f":5067643},{"m":true,"E":1597076694669,"l":5067644,"M":true,"q":"18238.00000000","s":"CELRBTC","a":2726371,"T":1597076694668,"e":"aggTrade","p":"0.00000098","f":5067644},{"m":true,"E":1597076694924,"l":5067645,"M":true,"q":"156.00000000","s":"CELRBTC","a":2726372,"T":1597076694923,"e":"aggTrade","p":"0.00000098","f":5067645},{"m":true,"E":1597076695137,"l":5067646,"M":true,"q":"10887.00000000","s":"CELRBTC","a":2726373,"T":1597076695136,"e":"aggTrade","p":"0.00000098","f":5067646},{"m":false,"E":1597076695406,"l":5067650,"M":true,"q":"878103.00000000","s":"CELRBTC","a":2726374,"T":1597076695405,"e":"aggTrade","p":"0.00000099","f":5067647},{"m":false,"E":1597076696420,"l":5067651,"M":true,"q":"152.00000000","s":"CELRBTC","a":2726375,"T":1597076696419,"e":"aggTrade","p":"0.00000100","f":5067651},{"m":true,"E":1597076697839,"l":5067652,"M":true,"q":"10887.00000000","s":"CELRBTC","a":2726376,"T":1597076697838,"e":"aggTrade","p":"0.00000099","f":5067652},{"m":false,"E":1597076698297,"l":5067653,"M":true,"q":"762026.00000000","s":"CELRBTC","a":2726377,"T":1597076698296,"e":"aggTrade","p":"0.00000100","f":5067653},{"m":false,"E":1597076701194,"l":5067654,"M":true,"q":"312.00000000","s":"CELRBTC","a":2726378,"T":1597076701193,"e":"aggTrade","p":"0.00000100","f":5067654},{"m":false,"E":1597076701488,"l":5067655,"M":true,"q":"200.00000000","s":"CELRBTC","a":2726379,"T":1597076701486,"e":"aggTrade","p":"0.00000100","f":5067655},{"m":false,"E":1597076702490,"l":5067656,"M":true,"q":"123.00000000","s":"CELRBTC","a":2726380,"T":1597076702489,"e":"aggTrade","p":"0.00000100","f":5067656},{"m":false,"E":1597076703370,"l":5067657,"M":true,"q":"123.00000000","s":"CELRBTC","a":2726381,"T":1597076703369,"e":"aggTrade","p":"0.00000100","f":5067657},{"m":false,"E":1597076704507,"l":5067658,"M":true,"q":"123.00000000","s":"CELRBTC","a":2726382,"T":1597076704507,"e":"aggTrade","p":"0.00000100","f":5067658},{"m":false,"E":1597076705923,"l":5067659,"M":true,"q":"132.00000000","s":"CELRBTC","a":2726383,"T":1597076705922,"e":"aggTrade","p":"0.00000100","f":5067659},{"m":false,"E":1597076708795,"l":5067660,"M":true,"q":"312.00000000","s":"CELRBTC","a":2726384,"T":1597076708794,"e":"aggTrade","p":"0.00000100","f":5067660},{"m":true,"E":1597076709297,"l":5067661,"M":true,"q":"1517.00000000","s":"CELRBTC","a":2726385,"T":1597076709296,"e":"aggTrade","p":"0.00000099","f":5067661},{"m":false,"E":1597076709607,"l":5067662,"M":true,"q":"132.00000000","s":"CELRBTC","a":2726386,"T":1597076709606,"e":"aggTrade","p":"0.00000100","f":5067662},{"m":false,"E":1597076710472,"l":5067663,"M":true,"q":"132.00000000","s":"CELRBTC","a":2726387,"T":1597076710471,"e":"aggTrade","p":"0.00000100","f":5067663},{"m":false,"E":1597076711310,"l":5067664,"M":true,"q":"123.00000000","s":"CELRBTC","a":2726388,"T":1597076711309,"e":"aggTrade","p":"0.00000100","f":5067664},{"m":false,"E":1597076712131,"l":5067665,"M":true,"q":"123.00000000","s":"CELRBTC","a":2726389,"T":1597076712130,"e":"aggTrade","p":"0.00000100","f":5067665},{"m":false,"E":1597076713018,"l":5067666,"M":true,"q":"123.00000000","s":"CELRBTC","a":2726390,"T":1597076713016,"e":"aggTrade","p":"0.00000100","f":5067666},{"m":false,"E":1597076713596,"l":5067667,"M":true,"q":"15000.00000000","s":"CELRBTC","a":2726391,"T":1597076713595,"e":"aggTrade","p":"0.00000100","f":5067667},{"m":false,"E":1597076713819,"l":5067668,"M":true,"q":"312.00000000","s":"CELRBTC","a":2726392,"T":1597076713818,"e":"aggTrade","p":"0.00000100","f":5067668},{"m":false,"E":1597076714164,"l":5067669,"M":true,"q":"8287.00000000","s":"CELRBTC","a":2726393,"T":1597076714163,"e":"aggTrade","p":"0.00000100","f":5067669},{"m":false,"E":1597076714228,"l":5067670,"M":true,"q":"581.00000000","s":"CELRBTC","a":2726394,"T":1597076714227,"e":"aggTrade","p":"0.00000100","f":5067670},{"m":false,"E":1597076714573,"l":5067671,"M":true,"q":"123.00000000","s":"CELRBTC","a":2726395,"T":1597076714572,"e":"aggTrade","p":"0.00000100","f":5067671},{"m":false,"E":1597076715022,"l":5067676,"M":true,"q":"624332.00000000","s":"CELRBTC","a":2726396,"T":1597076715021,"e":"aggTrade","p":"0.00000100","f":5067672},{"m":false,"E":1597076715513,"l":5067677,"M":true,"q":"2273.00000000","s":"CELRBTC","a":2726397,"T":1597076715512,"e":"aggTrade","p":"0.00000100","f":5067677},{"m":false,"E":1597076715652,"l":5067678,"M":true,"q":"321.00000000","s":"CELRBTC","a":2726398,"T":1597076715650,"e":"aggTrade","p":"0.00000100","f":5067678},{"m":false,"E":1597076716541,"l":5067679,"M":true,"q":"312.00000000","s":"CELRBTC","a":2726399,"T":1597076716540,"e":"aggTrade","p":"0.00000100","f":5067679},{"m":false,"E":1597076720649,"l":5067680,"M":true,"q":"55590.00000000","s":"CELRBTC","a":2726400,"T":1597076720648,"e":"aggTrade","p":"0.00000100","f":5067680},{"m":false,"E":1597076721091,"l":5067681,"M":true,"q":"312.00000000","s":"CELRBTC","a":2726401,"T":1597076721090,"e":"aggTrade","p":"0.00000100","f":5067681},{"m":false,"E":1597076721541,"l":5067682,"M":true,"q":"1500.00000000","s":"CELRBTC","a":2726402,"T":1597076721540,"e":"aggTrade","p":"0.00000100","f":5067682},{"m":false,"E":1597076721944,"l":5067683,"M":true,"q":"123.00000000","s":"CELRBTC","a":2726403,"T":1597076721942,"e":"aggTrade","p":"0.00000100","f":5067683},{"m":false,"E":1597076722168,"l":5067709,"M":true,"q":"1165212.00000000","s":"CELRBTC","a":2726404,"T":1597076722166,"e":"aggTrade","p":"0.00000100","f":5067684},{"m":true,"E":1597076722458,"l":5067710,"M":true,"q":"50000.00000000","s":"CELRBTC","a":2726405,"T":1597076722457,"e":"aggTrade","p":"0.00000100","f":5067710},{"m":false,"E":1597076722792,"l":5067711,"M":true,"q":"123.00000000","s":"CELRBTC","a":2726406,"T":1597076722791,"e":"aggTrade","p":"0.00000101","f":5067711},{"m":false,"E":1597076723608,"l":5067712,"M":true,"q":"312.00000000","s":"CELRBTC","a":2726407,"T":1597076723607,"e":"aggTrade","p":"0.00000101","f":5067712},{"m":false,"E":1597076724466,"l":5067713,"M":true,"q":"123.00000000","s":"CELRBTC","a":2726408,"T":1597076724464,"e":"aggTrade","p":"0.00000101","f":5067713},{"m":false,"E":1597076725306,"l":5067714,"M":true,"q":"123.00000000","s":"CELRBTC","a":2726409,"T":1597076725305,"e":"aggTrade","p":"0.00000101","f":5067714},{"m":false,"E":1597076726185,"l":5067715,"M":true,"q":"321.00000000","s":"CELRBTC","a":2726410,"T":1597076726184,"e":"aggTrade","p":"0.00000101","f":5067715},{"m":false,"E":1597076727013,"l":5067716,"M":true,"q":"312.00000000","s":"CELRBTC","a":2726411,"T":1597076727012,"e":"aggTrade","p":"0.00000101","f":5067716},{"m":false,"E":1597076727836,"l":5067717,"M":true,"q":"123.00000000","s":"CELRBTC","a":2726412,"T":1597076727835,"e":"aggTrade","p":"0.00000101","f":5067717},{"m":false,"E":1597076728733,"l":5067718,"M":true,"q":"123.00000000","s":"CELRBTC","a":2726413,"T":1597076728732,"e":"aggTrade","p":"0.00000101","f":5067718},{"m":false,"E":1597076729537,"l":5067719,"M":true,"q":"321.00000000","s":"CELRBTC","a":2726414,"T":1597076729536,"e":"aggTrade","p":"0.00000101","f":5067719},{"m":false,"E":1597076730390,"l":5067720,"M":true,"q":"321.00000000","s":"CELRBTC","a":2726415,"T":1597076730389,"e":"aggTrade","p":"0.00000101","f":5067720},{"m":false,"E":1597076730710,"l":5067727,"M":true,"q":"494573.00000000","s":"CELRBTC","a":2726416,"T":1597076730708,"e":"aggTrade","p":"0.00000101","f":5067721},{"m":false,"E":1597076731192,"l":5067728,"M":true,"q":"123.00000000","s":"CELRBTC","a":2726417,"T":1597076731191,"e":"aggTrade","p":"0.00000101","f":5067728},{"m":false,"E":1597076731987,"l":5067729,"M":true,"q":"123.00000000","s":"CELRBTC","a":2726418,"T":1597076731986,"e":"aggTrade","p":"0.00000101","f":5067729},{"m":false,"E":1597076732763,"l":5067730,"M":true,"q":"123.00000000","s":"CELRBTC","a":2726419,"T":1597076732762,"e":"aggTrade","p":"0.00000101","f":5067730},{"m":false,"E":1597076733589,"l":5067731,"M":true,"q":"123.00000000","s":"CELRBTC","a":2726420,"T":1597076733588,"e":"aggTrade","p":"0.00000101","f":5067731},{"m":false,"E":1597076733668,"l":5067732,"M":true,"q":"36760.00000000","s":"CELRBTC","a":2726421,"T":1597076733666,"e":"aggTrade","p":"0.00000101","f":5067732},{"m":false,"E":1597076734082,"l":5067733,"M":true,"q":"1800.00000000","s":"CELRBTC","a":2726422,"T":1597076734080,"e":"aggTrade","p":"0.00000101","f":5067733},{"m":false,"E":1597076734395,"l":5067734,"M":true,"q":"312.00000000","s":"CELRBTC","a":2726423,"T":1597076734393,"e":"aggTrade","p":"0.00000101","f":5067734},{"m":false,"E":1597076735149,"l":5067735,"M":true,"q":"312.00000000","s":"CELRBTC","a":2726424,"T":1597076735148,"e":"aggTrade","p":"0.00000101","f":5067735},{"m":false,"E":1597076735944,"l":5067736,"M":true,"q":"123.00000000","s":"CELRBTC","a":2726425,"T":1597076735943,"e":"aggTrade","p":"0.00000101","f":5067736},{"m":false,"E":1597076736739,"l":5067737,"M":true,"q":"123.00000000","s":"CELRBTC","a":2726426,"T":1597076736738,"e":"aggTrade","p":"0.00000101","f":5067737},{"m":false,"E":1597076737527,"l":5067738,"M":true,"q":"123.00000000","s":"CELRBTC","a":2726427,"T":1597076737526,"e":"aggTrade","p":"0.00000101","f":5067738},{"m":true,"E":1597076738276,"l":5067739,"M":true,"q":"3160.00000000","s":"CELRBTC","a":2726428,"T":1597076738275,"e":"aggTrade","p":"0.00000100","f":5067739},{"m":false,"E":1597076738293,"l":5067740,"M":true,"q":"123.00000000","s":"CELRBTC","a":2726429,"T":1597076738292,"e":"aggTrade","p":"0.00000101","f":5067740},{"m":false,"E":1597076739084,"l":5067741,"M":true,"q":"231.00000000","s":"CELRBTC","a":2726430,"T":1597076739083,"e":"aggTrade","p":"0.00000101","f":5067741},{"m":false,"E":1597076739834,"l":5067742,"M":true,"q":"123.00000000","s":"CELRBTC","a":2726431,"T":1597076739833,"e":"aggTrade","p":"0.00000101","f":5067742},{"m":false,"E":1597076740880,"l":5067743,"M":true,"q":"312.00000000","s":"CELRBTC","a":2726432,"T":1597076740879,"e":"aggTrade","p":"0.00000101","f":5067743},{"m":false,"E":1597076741486,"l":5067744,"M":true,"q":"288.00000000","s":"CELRBTC","a":2726433,"T":1597076741485,"e":"aggTrade","p":"0.00000101","f":5067744},{"m":false,"E":1597076742336,"l":5067745,"M":true,"q":"123.00000000","s":"CELRBTC","a":2726434,"T":1597076742335,"e":"aggTrade","p":"0.00000101","f":5067745},{"m":false,"E":1597076743158,"l":5067746,"M":true,"q":"312.00000000","s":"CELRBTC","a":2726435,"T":1597076743156,"e":"aggTrade","p":"0.00000101","f":5067746},{"m":false,"E":1597076743941,"l":5067747,"M":true,"q":"123.00000000","s":"CELRBTC","a":2726436,"T":1597076743940,"e":"aggTrade","p":"0.00000101","f":5067747},{"m":true,"E":1597076744092,"l":5067748,"M":true,"q":"3528.00000000","s":"CELRBTC","a":2726437,"T":1597076744091,"e":"aggTrade","p":"0.00000100","f":5067748},{"m":false,"E":1597076744761,"l":5067749,"M":true,"q":"312.00000000","s":"CELRBTC","a":2726438,"T":1597076744760,"e":"aggTrade","p":"0.00000101","f":5067749},{"m":false,"E":1597076745574,"l":5067750,"M":true,"q":"231.00000000","s":"CELRBTC","a":2726439,"T":1597076745573,"e":"aggTrade","p":"0.00000101","f":5067750},{"m":false,"E":1597076746357,"l":5067751,"M":true,"q":"132.00000000","s":"CELRBTC","a":2726440,"T":1597076746356,"e":"aggTrade","p":"0.00000101","f":5067751},{"m":false,"E":1597076747162,"l":5067752,"M":true,"q":"123.00000000","s":"CELRBTC","a":2726441,"T":1597076747161,"e":"aggTrade","p":"0.00000101","f":5067752},{"m":false,"E":1597076747956,"l":5067753,"M":true,"q":"123.00000000","s":"CELRBTC","a":2726442,"T":1597076747955,"e":"aggTrade","p":"0.00000101","f":5067753},{"m":true,"E":1597076749437,"l":5067754,"M":true,"q":"1674.00000000","s":"CELRBTC","a":2726443,"T":1597076749436,"e":"aggTrade","p":"0.00000100","f":5067754},{"m":false,"E":1597076753476,"l":5067755,"M":true,"q":"6000.00000000","s":"CELRBTC","a":2726444,"T":1597076753473,"e":"aggTrade","p":"0.00000101","f":5067755},{"m":false,"E":1597076753764,"l":5067756,"M":true,"q":"50000.00000000","s":"CELRBTC","a":2726445,"T":1597076753764,"e":"aggTrade","p":"0.00000101","f":5067756}]]},{"peak":"3.80228137|2310,-5.81395349|1530,3.87596899|1830,-19.11111111|4230,7.77777778|2130,-4.97835498|750,11.03896104|720,-6.65280665|600,6.44490644|420,-12.28070175|1770,3.07017544|1110,-3.29670330|150,3.29670330|510,-7.79816514|7590,3.66972477|1305,-4.14746544|1935,6.68202765|553","transactionList":[{},{},{},{},{},{},{},{},{},{},{},{},{},{},{},{},{}]},{"peak":"-2.58397933|780,9.19158361|1890,-6.25000000|1650,5.35201149|2550,-13.72625048|1230,6.55292749|450,-27.51740139|1410,5.05800464|150,-5.69561158|150,7.79645191|750,-4.85921889|60,20.02724796|1200,-10.17090454|900,9.17048770|630,-14.21718273|1860,8.37331007|1350,-4.76391231|300,6.82967960|2490,-5.75959933|990,3.46410684|1260,-3.11980033|630,4.03494176|30,-5.66117448|150,8.95648500|6242,-7.01244813|177,4.06639004|490,10.99585062|1000,-4.86083889|2","transactionList":[{},{},{},{},{},{},{},{},{},{},{},{},{},{},{},{},{},{},{},{},{},{},{},{},{},{},[{"m":true,"E":1597088323622,"l":4507889,"M":true,"q":"37.00000000","s":"NAVBTC","a":3159491,"T":1597088323618,"e":"aggTrade","p":"0.00001321","f":4507889},{"m":false,"E":1597088324918,"l":4507890,"M":true,"q":"9.00000000","s":"NAVBTC","a":3159492,"T":1597088324917,"e":"aggTrade","p":"0.00001324","f":4507890},{"m":false,"E":1597088344078,"l":4507891,"M":true,"q":"540.00000000","s":"NAVBTC","a":3159493,"T":1597088344077,"e":"aggTrade","p":"0.00001324","f":4507891},{"m":true,"E":1597088347380,"l":4507892,"M":true,"q":"84.00000000","s":"NAVBTC","a":3159494,"T":1597088347379,"e":"aggTrade","p":"0.00001324","f":4507892},{"m":true,"E":1597088373722,"l":4507893,"M":true,"q":"99.00000000","s":"NAVBTC","a":3159495,"T":1597088373721,"e":"aggTrade","p":"0.00001321","f":4507893},{"m":false,"E":1597088382963,"l":4507902,"M":true,"q":"1422.00000000","s":"NAVBTC","a":3159496,"T":1597088382958,"e":"aggTrade","p":"0.00001325","f":4507894},{"m":false,"E":1597088382963,"l":4507904,"M":true,"q":"1486.00000000","s":"NAVBTC","a":3159497,"T":1597088382958,"e":"aggTrade","p":"0.00001326","f":4507903},{"m":false,"E":1597088382963,"l":4507909,"M":true,"q":"1302.00000000","s":"NAVBTC","a":3159498,"T":1597088382958,"e":"aggTrade","p":"0.00001330","f":4507905},{"m":false,"E":1597088382963,"l":4507910,"M":true,"q":"802.00000000","s":"NAVBTC","a":3159499,"T":1597088382958,"e":"aggTrade","p":"0.00001331","f":4507910},{"m":false,"E":1597088382963,"l":4507912,"M":true,"q":"59.00000000","s":"NAVBTC","a":3159500,"T":1597088382958,"e":"aggTrade","p":"0.00001333","f":4507911},{"m":false,"E":1597088382963,"l":4507913,"M":true,"q":"10.00000000","s":"NAVBTC","a":3159501,"T":1597088382958,"e":"aggTrade","p":"0.00001334","f":4507913},{"m":false,"E":1597088382963,"l":4507917,"M":true,"q":"1599.00000000","s":"NAVBTC","a":3159502,"T":1597088382958,"e":"aggTrade","p":"0.00001337","f":4507914},{"m":false,"E":1597088382963,"l":4507918,"M":true,"q":"9.00000000","s":"NAVBTC","a":3159503,"T":1597088382958,"e":"aggTrade","p":"0.00001338","f":4507918},{"m":false,"E":1597088382963,"l":4507920,"M":true,"q":"817.00000000","s":"NAVBTC","a":3159504,"T":1597088382958,"e":"aggTrade","p":"0.00001339","f":4507919},{"m":false,"E":1597088382963,"l":4507939,"M":true,"q":"8721.00000000","s":"NAVBTC","a":3159505,"T":1597088382958,"e":"aggTrade","p":"0.00001340","f":4507921},{"m":false,"E":1597088382963,"l":4507941,"M":true,"q":"37.00000000","s":"NAVBTC","a":3159506,"T":1597088382958,"e":"aggTrade","p":"0.00001341","f":4507940},{"m":false,"E":1597088382963,"l":4507942,"M":true,"q":"1153.00000000","s":"NAVBTC","a":3159507,"T":1597088382958,"e":"aggTrade","p":"0.00001342","f":4507942},{"m":false,"E":1597088382963,"l":4507944,"M":true,"q":"16293.00000000","s":"NAVBTC","a":3159508,"T":1597088382958,"e":"aggTrade","p":"0.00001343","f":4507943},{"m":false,"E":1597088382963,"l":4507947,"M":true,"q":"4853.00000000","s":"NAVBTC","a":3159509,"T":1597088382958,"e":"aggTrade","p":"0.00001344","f":4507945},{"m":false,"E":1597088382963,"l":4507948,"M":true,"q":"8.00000000","s":"NAVBTC","a":3159510,"T":1597088382958,"e":"aggTrade","p":"0.00001343","f":4507948},{"m":true,"E":1597088383907,"l":4507953,"M":true,"q":"116.00000000","s":"NAVBTC","a":3159511,"T":1597088383906,"e":"aggTrade","p":"0.00001332","f":4507949},{"m":false,"E":1597088385967,"l":4507954,"M":true,"q":"8.00000000","s":"NAVBTC","a":3159512,"T":1597088385966,"e":"aggTrade","p":"0.00001343","f":4507954},{"m":true,"E":1597088386320,"l":4507955,"M":true,"q":"9.00000000","s":"NAVBTC","a":3159513,"T":1597088386319,"e":"aggTrade","p":"0.00001332","f":4507955},{"m":true,"E":1597088392501,"l":4507956,"M":true,"q":"1379.00000000","s":"NAVBTC","a":3159514,"T":1597088392500,"e":"aggTrade","p":"0.00001331","f":4507956},{"m":false,"E":1597088394248,"l":4507957,"M":true,"q":"10.00000000","s":"NAVBTC","a":3159515,"T":1597088394246,"e":"aggTrade","p":"0.00001331","f":4507957},{"m":false,"E":1597088394496,"l":4507959,"M":true,"q":"1049.00000000","s":"NAVBTC","a":3159516,"T":1597088394495,"e":"aggTrade","p":"0.00001331","f":4507958},{"m":false,"E":1597088394496,"l":4507960,"M":true,"q":"125.00000000","s":"NAVBTC","a":3159517,"T":1597088394495,"e":"aggTrade","p":"0.00001341","f":4507960},{"m":false,"E":1597088394496,"l":4507961,"M":true,"q":"26.00000000","s":"NAVBTC","a":3159518,"T":1597088394495,"e":"aggTrade","p":"0.00001342","f":4507961},{"m":true,"E":1597088394747,"l":4507966,"M":true,"q":"1338.00000000","s":"NAVBTC","a":3159519,"T":1597088394746,"e":"aggTrade","p":"0.00001330","f":4507962},{"m":false,"E":1597088402493,"l":4507967,"M":true,"q":"502.00000000","s":"NAVBTC","a":3159520,"T":1597088402492,"e":"aggTrade","p":"0.00001330","f":4507967},{"m":false,"E":1597088402493,"l":4507969,"M":true,"q":"428.00000000","s":"NAVBTC","a":3159521,"T":1597088402492,"e":"aggTrade","p":"0.00001338","f":4507968},{"m":false,"E":1597088406006,"l":4507970,"M":true,"q":"75.00000000","s":"NAVBTC","a":3159522,"T":1597088406004,"e":"aggTrade","p":"0.00001338","f":4507970},{"m":true,"E":1597088432007,"l":4507971,"M":true,"q":"104.00000000","s":"NAVBTC","a":3159523,"T":1597088432006,"e":"aggTrade","p":"0.00001331","f":4507971},{"m":true,"E":1597088432035,"l":4507973,"M":true,"q":"294.00000000","s":"NAVBTC","a":3159524,"T":1597088432034,"e":"aggTrade","p":"0.00001331","f":4507972},{"m":true,"E":1597088432651,"l":4507974,"M":true,"q":"73.00000000","s":"NAVBTC","a":3159525,"T":1597088432650,"e":"aggTrade","p":"0.00001331","f":4507974},{"m":true,"E":1597088441270,"l":4507975,"M":true,"q":"100.00000000","s":"NAVBTC","a":3159526,"T":1597088441266,"e":"aggTrade","p":"0.00001331","f":4507975},{"m":true,"E":1597088441270,"l":4507977,"M":true,"q":"3621.00000000","s":"NAVBTC","a":3159527,"T":1597088441266,"e":"aggTrade","p":"0.00001330","f":4507976},{"m":true,"E":1597088441270,"l":4507978,"M":true,"q":"35.00000000","s":"NAVBTC","a":3159528,"T":1597088441266,"e":"aggTrade","p":"0.00001326","f":4507978},{"m":true,"E":1597088441270,"l":4507980,"M":true,"q":"63.00000000","s":"NAVBTC","a":3159529,"T":1597088441266,"e":"aggTrade","p":"0.00001325","f":4507979},{"m":true,"E":1597088441270,"l":4507983,"M":true,"q":"283.00000000","s":"NAVBTC","a":3159530,"T":1597088441266,"e":"aggTrade","p":"0.00001323","f":4507981},{"m":true,"E":1597088441270,"l":4507987,"M":true,"q":"1676.00000000","s":"NAVBTC","a":3159531,"T":1597088441266,"e":"aggTrade","p":"0.00001322","f":4507984},{"m":true,"E":1597088441270,"l":4507990,"M":true,"q":"3772.00000000","s":"NAVBTC","a":3159532,"T":1597088441266,"e":"aggTrade","p":"0.00001321","f":4507988},{"m":true,"E":1597088441270,"l":4507992,"M":true,"q":"10136.00000000","s":"NAVBTC","a":3159533,"T":1597088441266,"e":"aggTrade","p":"0.00001320","f":4507991},{"m":true,"E":1597088441270,"l":4507993,"M":true,"q":"314.00000000","s":"NAVBTC","a":3159534,"T":1597088441266,"e":"aggTrade","p":"0.00001319","f":4507993}],[{"m":false,"E":1597088474120,"l":4508095,"M":true,"q":"15.00000000","s":"NAVBTC","a":3159581,"T":1597088474119,"e":"aggTrade","p":"0.00001300","f":4508095},{"m":false,"E":1597088474857,"l":4508097,"M":true,"q":"2293.00000000","s":"NAVBTC","a":3159582,"T":1597088474855,"e":"aggTrade","p":"0.00001300","f":4508096},{"m":false,"E":1597088474857,"l":4508098,"M":true,"q":"11.00000000","s":"NAVBTC","a":3159583,"T":1597088474855,"e":"aggTrade","p":"0.00001306","f":4508098},{"m":false,"E":1597088474857,"l":4508099,"M":true,"q":"9.00000000","s":"NAVBTC","a":3159584,"T":1597088474855,"e":"aggTrade","p":"0.00001307","f":4508099},{"m":false,"E":1597088474857,"l":4508101,"M":true,"q":"1681.00000000","s":"NAVBTC","a":3159585,"T":1597088474855,"e":"aggTrade","p":"0.00001308","f":4508100},{"m":true,"E":1597088476999,"l":4508102,"M":true,"q":"15.00000000","s":"NAVBTC","a":3159586,"T":1597088476998,"e":"aggTrade","p":"0.00001300","f":4508102},{"m":true,"E":1597088483567,"l":4508103,"M":true,"q":"393.00000000","s":"NAVBTC","a":3159587,"T":1597088483566,"e":"aggTrade","p":"0.00001300","f":4508103},{"m":true,"E":1597088494182,"l":4508104,"M":true,"q":"32.00000000","s":"NAVBTC","a":3159588,"T":1597088494180,"e":"aggTrade","p":"0.00001300","f":4508104},{"m":true,"E":1597088496488,"l":4508105,"M":true,"q":"44.00000000","s":"NAVBTC","a":3159589,"T":1597088496487,"e":"aggTrade","p":"0.00001300","f":4508105},{"m":false,"E":1597088498310,"l":4508107,"M":true,"q":"9.00000000","s":"NAVBTC","a":3159590,"T":1597088498309,"e":"aggTrade","p":"0.00001305","f":4508106},{"m":false,"E":1597088501256,"l":4508108,"M":true,"q":"25.00000000","s":"NAVBTC","a":3159591,"T":1597088501255,"e":"aggTrade","p":"0.00001302","f":4508108},{"m":false,"E":1597088502256,"l":4508109,"M":true,"q":"25.00000000","s":"NAVBTC","a":3159592,"T":1597088502254,"e":"aggTrade","p":"0.00001302","f":4508109},{"m":true,"E":1597088503013,"l":4508112,"M":true,"q":"3500.00000000","s":"NAVBTC","a":3159593,"T":1597088503012,"e":"aggTrade","p":"0.00001300","f":4508110},{"m":false,"E":1597088503761,"l":4508113,"M":true,"q":"25.00000000","s":"NAVBTC","a":3159594,"T":1597088503761,"e":"aggTrade","p":"0.00001302","f":4508113},{"m":true,"E":1597088505222,"l":4508114,"M":true,"q":"9.00000000","s":"NAVBTC","a":3159595,"T":1597088505221,"e":"aggTrade","p":"0.00001299","f":4508114},{"m":false,"E":1597088505258,"l":4508115,"M":true,"q":"17.00000000","s":"NAVBTC","a":3159596,"T":1597088505257,"e":"aggTrade","p":"0.00001299","f":4508115},{"m":false,"E":1597088506270,"l":4508116,"M":true,"q":"17.00000000","s":"NAVBTC","a":3159597,"T":1597088506268,"e":"aggTrade","p":"0.00001299","f":4508116},{"m":false,"E":1597088506876,"l":4508117,"M":true,"q":"12.00000000","s":"NAVBTC","a":3159598,"T":1597088506875,"e":"aggTrade","p":"0.00001299","f":4508117},{"m":true,"E":1597088509315,"l":4508122,"M":true,"q":"113.00000000","s":"NAVBTC","a":3159599,"T":1597088509313,"e":"aggTrade","p":"0.00001298","f":4508118},{"m":true,"E":1597088509435,"l":4508123,"M":true,"q":"10000.00000000","s":"NAVBTC","a":3159600,"T":1597088509435,"e":"aggTrade","p":"0.00001298","f":4508123},{"m":true,"E":1597088514910,"l":4508124,"M":true,"q":"253.00000000","s":"NAVBTC","a":3159601,"T":1597088514909,"e":"aggTrade","p":"0.00001298","f":4508124},{"m":true,"E":1597088519217,"l":4508125,"M":true,"q":"2500.00000000","s":"NAVBTC","a":3159602,"T":1597088519216,"e":"aggTrade","p":"0.00001298","f":4508125},{"m":true,"E":1597088522299,"l":4508129,"M":true,"q":"629.00000000","s":"NAVBTC","a":3159603,"T":1597088522284,"e":"aggTrade","p":"0.00001298","f":4508126},{"m":true,"E":1597088522299,"l":4508130,"M":true,"q":"20.00000000","s":"NAVBTC","a":3159604,"T":1597088522284,"e":"aggTrade","p":"0.00001297","f":4508130},{"m":true,"E":1597088522299,"l":4508132,"M":true,"q":"50.00000000","s":"NAVBTC","a":3159605,"T":1597088522284,"e":"aggTrade","p":"0.00001296","f":4508131},{"m":true,"E":1597088522299,"l":4508136,"M":true,"q":"4807.00000000","s":"NAVBTC","a":3159606,"T":1597088522284,"e":"aggTrade","p":"0.00001295","f":4508133},{"m":true,"E":1597088522299,"l":4508138,"M":true,"q":"843.00000000","s":"NAVBTC","a":3159607,"T":1597088522284,"e":"aggTrade","p":"0.00001294","f":4508137},{"m":true,"E":1597088522299,"l":4508144,"M":true,"q":"2816.00000000","s":"NAVBTC","a":3159608,"T":1597088522284,"e":"aggTrade","p":"0.00001293","f":4508139},{"m":true,"E":1597088522299,"l":4508145,"M":true,"q":"18.00000000","s":"NAVBTC","a":3159609,"T":1597088522284,"e":"aggTrade","p":"0.00001292","f":4508145},{"m":true,"E":1597088522299,"l":4508148,"M":true,"q":"298.00000000","s":"NAVBTC","a":3159610,"T":1597088522284,"e":"aggTrade","p":"0.00001291","f":4508146},{"m":true,"E":1597088522299,"l":4508151,"M":true,"q":"929.00000000","s":"NAVBTC","a":3159611,"T":1597088522284,"e":"aggTrade","p":"0.00001290","f":4508149},{"m":true,"E":1597088522299,"l":4508152,"M":true,"q":"261.00000000","s":"NAVBTC","a":3159612,"T":1597088522284,"e":"aggTrade","p":"0.00001289","f":4508152},{"m":true,"E":1597088522299,"l":4508155,"M":true,"q":"1045.00000000","s":"NAVBTC","a":3159613,"T":1597088522284,"e":"aggTrade","p":"0.00001287","f":4508153},{"m":true,"E":1597088522299,"l":4508157,"M":true,"q":"890.00000000","s":"NAVBTC","a":3159614,"T":1597088522284,"e":"aggTrade","p":"0.00001286","f":4508156},{"m":true,"E":1597088522299,"l":4508167,"M":true,"q":"1700.00000000","s":"NAVBTC","a":3159615,"T":1597088522284,"e":"aggTrade","p":"0.00001285","f":4508158},{"m":true,"E":1597088522299,"l":4508171,"M":true,"q":"615.00000000","s":"NAVBTC","a":3159616,"T":1597088522284,"e":"aggTrade","p":"0.00001284","f":4508168},{"m":true,"E":1597088522299,"l":4508187,"M":true,"q":"3798.00000000","s":"NAVBTC","a":3159617,"T":1597088522284,"e":"aggTrade","p":"0.00001283","f":4508172},{"m":true,"E":1597088522299,"l":4508193,"M":true,"q":"4646.00000000","s":"NAVBTC","a":3159618,"T":1597088522284,"e":"aggTrade","p":"0.00001282","f":4508188},{"m":true,"E":1597088522299,"l":4508199,"M":true,"q":"2239.00000000","s":"NAVBTC","a":3159619,"T":1597088522284,"e":"aggTrade","p":"0.00001281","f":4508194},{"m":true,"E":1597088522299,"l":4508207,"M":true,"q":"8553.00000000","s":"NAVBTC","a":3159620,"T":1597088522284,"e":"aggTrade","p":"0.00001280","f":4508200},{"m":true,"E":1597088522299,"l":4508218,"M":true,"q":"783.00000000","s":"NAVBTC","a":3159621,"T":1597088522284,"e":"aggTrade","p":"0.00001279","f":4508208},{"m":true,"E":1597088522299,"l":4508219,"M":true,"q":"261.00000000","s":"NAVBTC","a":3159622,"T":1597088522284,"e":"aggTrade","p":"0.00001278","f":4508219},{"m":true,"E":1597088522299,"l":4508230,"M":true,"q":"1751.00000000","s":"NAVBTC","a":3159623,"T":1597088522284,"e":"aggTrade","p":"0.00001277","f":4508220},{"m":true,"E":1597088522299,"l":4508249,"M":true,"q":"921.00000000","s":"NAVBTC","a":3159624,"T":1597088522284,"e":"aggTrade","p":"0.00001276","f":4508231},{"m":true,"E":1597088522299,"l":4508260,"M":true,"q":"441.00000000","s":"NAVBTC","a":3159625,"T":1597088522284,"e":"aggTrade","p":"0.00001275","f":4508250},{"m":true,"E":1597088522299,"l":4508272,"M":true,"q":"324.00000000","s":"NAVBTC","a":3159626,"T":1597088522284,"e":"aggTrade","p":"0.00001274","f":4508261},{"m":true,"E":1597088522299,"l":4508285,"M":true,"q":"2869.00000000","s":"NAVBTC","a":3159627,"T":1597088522284,"e":"aggTrade","p":"0.00001273","f":4508273},{"m":true,"E":1597088522299,"l":4508297,"M":true,"q":"2751.00000000","s":"NAVBTC","a":3159628,"T":1597088522284,"e":"aggTrade","p":"0.00001272","f":4508286},{"m":true,"E":1597088522299,"l":4508301,"M":true,"q":"16188.00000000","s":"NAVBTC","a":3159629,"T":1597088522284,"e":"aggTrade","p":"0.00001271","f":4508298},{"m":true,"E":1597088522299,"l":4508304,"M":true,"q":"2462.00000000","s":"NAVBTC","a":3159630,"T":1597088522284,"e":"aggTrade","p":"0.00001270","f":4508302},{"m":true,"E":1597088522299,"l":4508308,"M":true,"q":"403.00000000","s":"NAVBTC","a":3159631,"T":1597088522284,"e":"aggTrade","p":"0.00001269","f":4508305},{"m":true,"E":1597088522299,"l":4508310,"M":true,"q":"254.00000000","s":"NAVBTC","a":3159632,"T":1597088522284,"e":"aggTrade","p":"0.00001268","f":4508309},{"m":true,"E":1597088522299,"l":4508320,"M":true,"q":"1250.00000000","s":"NAVBTC","a":3159633,"T":1597088522284,"e":"aggTrade","p":"0.00001267","f":4508311},{"m":true,"E":1597088522299,"l":4508323,"M":true,"q":"2614.00000000","s":"NAVBTC","a":3159634,"T":1597088522284,"e":"aggTrade","p":"0.00001266","f":4508321},{"m":true,"E":1597088522299,"l":4508338,"M":true,"q":"1566.00000000","s":"NAVBTC","a":3159635,"T":1597088522284,"e":"aggTrade","p":"0.00001265","f":4508324},{"m":true,"E":1597088522299,"l":4508351,"M":true,"q":"4642.00000000","s":"NAVBTC","a":3159636,"T":1597088522284,"e":"aggTrade","p":"0.00001263","f":4508339},{"m":true,"E":1597088522299,"l":4508354,"M":true,"q":"51.00000000","s":"NAVBTC","a":3159637,"T":1597088522284,"e":"aggTrade","p":"0.00001262","f":4508352},{"m":true,"E":1597088522299,"l":4508356,"M":true,"q":"4203.00000000","s":"NAVBTC","a":3159638,"T":1597088522284,"e":"aggTrade","p":"0.00001261","f":4508355},{"m":true,"E":1597088522299,"l":4508359,"M":true,"q":"1515.00000000","s":"NAVBTC","a":3159639,"T":1597088522284,"e":"aggTrade","p":"0.00001260","f":4508357},{"m":true,"E":1597088522299,"l":4508361,"M":true,"q":"356.00000000","s":"NAVBTC","a":3159640,"T":1597088522284,"e":"aggTrade","p":"0.00001260","f":4508360},{"m":false,"E":1597088523867,"l":4508362,"M":true,"q":"26.00000000","s":"NAVBTC","a":3159641,"T":1597088523866,"e":"aggTrade","p":"0.00001279","f":4508362},{"m":false,"E":1597088523888,"l":4508367,"M":true,"q":"120.00000000","s":"NAVBTC","a":3159642,"T":1597088523886,"e":"aggTrade","p":"0.00001279","f":4508363},{"m":false,"E":1597088524224,"l":4508368,"M":true,"q":"253.00000000","s":"NAVBTC","a":3159643,"T":1597088524222,"e":"aggTrade","p":"0.00001278","f":4508368},{"m":false,"E":1597088524224,"l":4508373,"M":true,"q":"109.00000000","s":"NAVBTC","a":3159644,"T":1597088524222,"e":"aggTrade","p":"0.00001279","f":4508369},{"m":false,"E":1597088524439,"l":4508374,"M":true,"q":"15.00000000","s":"NAVBTC","a":3159645,"T":1597088524437,"e":"aggTrade","p":"0.00001281","f":4508374},{"m":true,"E":1597088524746,"l":4508375,"M":true,"q":"87.00000000","s":"NAVBTC","a":3159646,"T":1597088524744,"e":"aggTrade","p":"0.00001278","f":4508375},{"m":true,"E":1597088524746,"l":4508376,"M":true,"q":"98.00000000","s":"NAVBTC","a":3159647,"T":1597088524744,"e":"aggTrade","p":"0.00001277","f":4508376},{"m":true,"E":1597088524746,"l":4508377,"M":true,"q":"652.00000000","s":"NAVBTC","a":3159648,"T":1597088524744,"e":"aggTrade","p":"0.00001275","f":4508377},{"m":false,"E":1597088524888,"l":4508387,"M":true,"q":"113.00000000","s":"NAVBTC","a":3159649,"T":1597088524885,"e":"aggTrade","p":"0.00001278","f":4508378},{"m":false,"E":1597088524888,"l":4508388,"M":true,"q":"151.00000000","s":"NAVBTC","a":3159650,"T":1597088524885,"e":"aggTrade","p":"0.00001281","f":4508388},{"m":true,"E":1597088524972,"l":4508389,"M":true,"q":"9.00000000","s":"NAVBTC","a":3159651,"T":1597088524970,"e":"aggTrade","p":"0.00001275","f":4508389},{"m":true,"E":1597088525476,"l":4508390,"M":true,"q":"9.00000000","s":"NAVBTC","a":3159652,"T":1597088525474,"e":"aggTrade","p":"0.00001276","f":4508390},{"m":false,"E":1597088526007,"l":4508391,"M":true,"q":"26.00000000","s":"NAVBTC","a":3159653,"T":1597088526005,"e":"aggTrade","p":"0.00001278","f":4508391},{"m":true,"E":1597088526245,"l":4508392,"M":true,"q":"17.00000000","s":"NAVBTC","a":3159654,"T":1597088526244,"e":"aggTrade","p":"0.00001275","f":4508392},{"m":false,"E":1597088527009,"l":4508393,"M":true,"q":"26.00000000","s":"NAVBTC","a":3159655,"T":1597088527008,"e":"aggTrade","p":"0.00001277","f":4508393},{"m":false,"E":1597088527067,"l":4508394,"M":true,"q":"230.00000000","s":"NAVBTC","a":3159656,"T":1597088527066,"e":"aggTrade","p":"0.00001277","f":4508394},{"m":true,"E":1597088527237,"l":4508395,"M":true,"q":"87.00000000","s":"NAVBTC","a":3159657,"T":1597088527235,"e":"aggTrade","p":"0.00001277","f":4508395},{"m":true,"E":1597088527237,"l":4508396,"M":true,"q":"50.00000000","s":"NAVBTC","a":3159658,"T":1597088527235,"e":"aggTrade","p":"0.00001276","f":4508396},{"m":true,"E":1597088527237,"l":4508398,"M":true,"q":"144.00000000","s":"NAVBTC","a":3159659,"T":1597088527235,"e":"aggTrade","p":"0.00001275","f":4508397},{"m":true,"E":1597088527460,"l":4508399,"M":true,"q":"11.00000000","s":"NAVBTC","a":3159660,"T":1597088527459,"e":"aggTrade","p":"0.00001275","f":4508399},{"m":false,"E":1597088527486,"l":4508408,"M":true,"q":"230.00000000","s":"NAVBTC","a":3159661,"T":1597088527485,"e":"aggTrade","p":"0.00001278","f":4508400},{"m":true,"E":1597088527906,"l":4508409,"M":true,"q":"89.00000000","s":"NAVBTC","a":3159662,"T":1597088527905,"e":"aggTrade","p":"0.00001277","f":4508409},{"m":false,"E":1597088528869,"l":4508410,"M":true,"q":"8.00000000","s":"NAVBTC","a":3159663,"T":1597088528868,"e":"aggTrade","p":"0.00001278","f":4508410},{"m":true,"E":1597088529083,"l":4508411,"M":true,"q":"48.00000000","s":"NAVBTC","a":3159664,"T":1597088529082,"e":"aggTrade","p":"0.00001276","f":4508411},{"m":false,"E":1597088529237,"l":4508412,"M":true,"q":"6.00000000","s":"NAVBTC","a":3159665,"T":1597088529235,"e":"aggTrade","p":"0.00001278","f":4508412},{"m":false,"E":1597088529875,"l":4508413,"M":true,"q":"11.00000000","s":"NAVBTC","a":3159666,"T":1597088529874,"e":"aggTrade","p":"0.00001276","f":4508413},{"m":true,"E":1597088530244,"l":4508414,"M":true,"q":"496.00000000","s":"NAVBTC","a":3159667,"T":1597088530243,"e":"aggTrade","p":"0.00001275","f":4508414},{"m":false,"E":1597088532872,"l":4508415,"M":true,"q":"10.00000000","s":"NAVBTC","a":3159668,"T":1597088532871,"e":"aggTrade","p":"0.00001276","f":4508415},{"m":false,"E":1597088533250,"l":4508416,"M":true,"q":"8.00000000","s":"NAVBTC","a":3159669,"T":1597088533249,"e":"aggTrade","p":"0.00001276","f":4508416},{"m":true,"E":1597088534395,"l":4508417,"M":true,"q":"120.00000000","s":"NAVBTC","a":3159670,"T":1597088534393,"e":"aggTrade","p":"0.00001275","f":4508417},{"m":false,"E":1597088534652,"l":4508418,"M":true,"q":"112.00000000","s":"NAVBTC","a":3159671,"T":1597088534651,"e":"aggTrade","p":"0.00001278","f":4508418},{"m":false,"E":1597088539247,"l":4508420,"M":true,"q":"14.00000000","s":"NAVBTC","a":3159672,"T":1597088539246,"e":"aggTrade","p":"0.00001278","f":4508419},{"m":false,"E":1597088542891,"l":4508421,"M":true,"q":"16.00000000","s":"NAVBTC","a":3159673,"T":1597088542890,"e":"aggTrade","p":"0.00001277","f":4508421},{"m":false,"E":1597088542983,"l":4508431,"M":true,"q":"761.00000000","s":"NAVBTC","a":3159674,"T":1597088542981,"e":"aggTrade","p":"0.00001277","f":4508422},{"m":false,"E":1597088549078,"l":4508432,"M":true,"q":"104.00000000","s":"NAVBTC","a":3159675,"T":1597088549077,"e":"aggTrade","p":"0.00001278","f":4508432},{"m":false,"E":1597088550082,"l":4508433,"M":true,"q":"115.00000000","s":"NAVBTC","a":3159676,"T":1597088550080,"e":"aggTrade","p":"0.00001278","f":4508433},{"m":false,"E":1597088551056,"l":4508434,"M":true,"q":"112.00000000","s":"NAVBTC","a":3159677,"T":1597088551055,"e":"aggTrade","p":"0.00001278","f":4508434},{"m":true,"E":1597088551151,"l":4508435,"M":true,"q":"19.00000000","s":"NAVBTC","a":3159678,"T":1597088551150,"e":"aggTrade","p":"0.00001277","f":4508435},{"m":false,"E":1597088552454,"l":4508442,"M":true,"q":"686.00000000","s":"NAVBTC","a":3159679,"T":1597088552452,"e":"aggTrade","p":"0.00001278","f":4508436},{"m":false,"E":1597088553287,"l":4508443,"M":true,"q":"1393.00000000","s":"NAVBTC","a":3159680,"T":1597088553286,"e":"aggTrade","p":"0.00001279","f":4508443},{"m":false,"E":1597088553330,"l":4508453,"M":true,"q":"77.00000000","s":"NAVBTC","a":3159681,"T":1597088553329,"e":"aggTrade","p":"0.00001279","f":4508444},{"m":false,"E":1597088553330,"l":4508454,"M":true,"q":"383.00000000","s":"NAVBTC","a":3159682,"T":1597088553329,"e":"aggTrade","p":"0.00001280","f":4508454},{"m":false,"E":1597088554391,"l":4508464,"M":true,"q":"261.00000000","s":"NAVBTC","a":3159683,"T":1597088554390,"e":"aggTrade","p":"0.00001279","f":4508455},{"m":false,"E":1597088554402,"l":4508465,"M":true,"q":"113.00000000","s":"NAVBTC","a":3159684,"T":1597088554401,"e":"aggTrade","p":"0.00001280","f":4508465},{"m":false,"E":1597088554681,"l":4508467,"M":true,"q":"257.00000000","s":"NAVBTC","a":3159685,"T":1597088554680,"e":"aggTrade","p":"0.00001281","f":4508466},{"m":false,"E":1597088557787,"l":4508468,"M":true,"q":"447.00000000","s":"NAVBTC","a":3159686,"T":1597088557785,"e":"aggTrade","p":"0.00001278","f":4508468},{"m":false,"E":1597088558249,"l":4508477,"M":true,"q":"4017.00000000","s":"NAVBTC","a":3159687,"T":1597088558248,"e":"aggTrade","p":"0.00001278","f":4508469},{"m":false,"E":1597088566477,"l":4508478,"M":true,"q":"10.00000000","s":"NAVBTC","a":3159688,"T":1597088566475,"e":"aggTrade","p":"0.00001282","f":4508478},{"m":false,"E":1597088566489,"l":4508481,"M":true,"q":"1610.00000000","s":"NAVBTC","a":3159689,"T":1597088566488,"e":"aggTrade","p":"0.00001282","f":4508479},{"m":false,"E":1597088567491,"l":4508482,"M":true,"q":"94.00000000","s":"NAVBTC","a":3159690,"T":1597088567490,"e":"aggTrade","p":"0.00001281","f":4508482},{"m":false,"E":1597088568248,"l":4508483,"M":true,"q":"11.00000000","s":"NAVBTC","a":3159691,"T":1597088568247,"e":"aggTrade","p":"0.00001281","f":4508483},{"m":false,"E":1597088568792,"l":4508485,"M":true,"q":"345.00000000","s":"NAVBTC","a":3159692,"T":1597088568791,"e":"aggTrade","p":"0.00001281","f":4508484},{"m":false,"E":1597088569206,"l":4508493,"M":true,"q":"745.00000000","s":"NAVBTC","a":3159693,"T":1597088569204,"e":"aggTrade","p":"0.00001281","f":4508486},{"m":true,"E":1597088582450,"l":4508494,"M":true,"q":"264.00000000","s":"NAVBTC","a":3159694,"T":1597088582449,"e":"aggTrade","p":"0.00001282","f":4508494}]]},{"peak":"-5.09090909|60,4.00000000|690,-3.24909747|60,5.41516245|120,-6.95970696|210,7.69230769|600,-3.52112676|480,15.49295775|480,-11.18644068|450,7.11864407|990,-11.66077739|90,3.53356890|810,-8.51851852|870,3.70370370|150,-3.32103321|720,14.02214022|270,-24.59677419|1110,7.25806452|240,-3.10077519|90,3.48837209|360,-17.10526316|480,6.14035088|150,-18.62745098|510,16.17647059|210,-11.79245283|90,16.98113208|660,-10.71428571|330,3.57142857|330,-3.11111111|90,25.33333333|780,-4.05904059|90,4.79704797|120,-9.65250965|150,16.21621622|630,-4.15224913|90,5.53633218|60,-14.23220974|810,9.36329588|240,-9.77443609|810,3.75939850|60,-6.97674419|420,4.65116279|270,-9.31174089|330,5.26315789|450,-7.88381743|840,16.18257261|1680,-8.94941634|480,19.45525292|1740,-3.36700337|120,3.70370370|120,-4.76190476|510,7.82312925|120,-5.31561462|90,5.64784053|60,-4.26229508|300,5.24590164|330,-7.35785953|810,25.75250836|660,-5.91549296|180,3.38028169|90,-5.45977011|540,5.74712644|90,-5.74712644|90,12.06896552|360,-6.26702997|180,3.26975477|330,-6.46067416|246,7.30337079|120,-3.24324324|45,5.40540541|48,-8.03324100|531,4.70914127|45,-3.56164384|246,6.30136986|459,-4.30107527|75,14.24731183|324,-8.41836735|296,5.35714286|76,-10.42780749|27,4.01069519|11,-3.45744681|13,12.23404255|66,-3.17848411|19,10.75794621|72,-6.08899297|50,4.44964871|40,-4.94117647|16,4.70588235|87,-4.46009390|38,3.75586854|60,-4.00000000|22,3.29411765|30,-4.02843602|95,-4.02843602|95,5.45023697|198,-3.72960373|109","transactionList":[{},{},{},{},{},{},{},{},{},{},{},{},{},{},{},{},{},{},{},{},{},{},{},{},{},{},{},{},{},{},{},{},{},{},{},{},{},{},{},{},{},{},{},{},{},{},{},{},{},{},{},{},{},{},{},{},{},{},{},{},{},{},{},{},{},{},{},{},{},{},{},{},{},{},{},{},{},{},{},{},{},{},{},{},{},{},{},{},{},{},{},{},{},[{"m":true,"l":6730205,"M":true,"q":"174804.00000000","a":4181888,"T":1597062979410,"p":"0.00000213","f":6730197},{"m":true,"l":6730244,"M":true,"q":"485923.00000000","a":4181889,"T":1597062979410,"p":"0.00000212","f":6730206},{"m":false,"l":6730245,"M":true,"q":"9850.00000000","a":4181890,"T":1597062979423,"p":"0.00000212","f":6730245},{"m":false,"l":6730246,"M":true,"q":"114460.00000000","a":4181891,"T":1597062979424,"p":"0.00000212","f":6730246},{"m":false,"l":6730247,"M":true,"q":"17.00000000","a":4181892,"T":1597062979429,"p":"0.00000212","f":6730247},{"m":false,"l":6730248,"M":true,"q":"9501.00000000","a":4181893,"T":1597062979443,"p":"0.00000212","f":6730248},{"m":false,"l":6730249,"M":true,"q":"9372.00000000","a":4181894,"T":1597062979454,"p":"0.00000212","f":6730249},{"m":false,"l":6730250,"M":true,"q":"5920.00000000","a":4181895,"T":1597062979455,"p":"0.00000212","f":6730250},{"m":false,"l":6730251,"M":true,"q":"14498.00000000","a":4181896,"T":1597062979467,"p":"0.00000212","f":6730251},{"m":false,"l":6730252,"M":true,"q":"4183.00000000","a":4181897,"T":1597062979480,"p":"0.00000212","f":6730252},{"m":true,"l":6730255,"M":true,"q":"4189.00000000","a":4181898,"T":1597062985183,"p":"0.00000211","f":6730253},{"m":true,"l":6730256,"M":true,"q":"306.00000000","a":4181899,"T":1597062985183,"p":"0.00000211","f":6730256},{"m":true,"l":6730266,"M":true,"q":"20840.00000000","a":4181900,"T":1597062985183,"p":"0.00000211","f":6730257},{"m":true,"l":6730267,"M":true,"q":"24204.00000000","a":4181901,"T":1597062985183,"p":"0.00000211","f":6730267},{"m":false,"l":6730268,"M":true,"q":"46171.00000000","a":4181902,"T":1597062986730,"p":"0.00000212","f":6730268},{"m":true,"l":6730269,"M":true,"q":"92.00000000","a":4181903,"T":1597062991150,"p":"0.00000211","f":6730269},{"m":true,"l":6730270,"M":true,"q":"92.00000000","a":4181904,"T":1597062991621,"p":"0.00000211","f":6730270},{"m":false,"l":6730271,"M":true,"q":"95.00000000","a":4181905,"T":1597063003598,"p":"0.00000212","f":6730271},{"m":true,"l":6730272,"M":true,"q":"48302.00000000","a":4181906,"T":1597063009365,"p":"0.00000211","f":6730272},{"m":true,"l":6730273,"M":true,"q":"230.00000000","a":4181907,"T":1597063024042,"p":"0.00000211","f":6730273},{"m":true,"l":6730281,"M":true,"q":"113507.00000000","a":4181908,"T":1597063041559,"p":"0.00000211","f":6730274},{"m":true,"l":6730289,"M":true,"q":"25000.00000000","a":4181909,"T":1597063067263,"p":"0.00000211","f":6730282}],[{"m":true,"E":1597074849622,"l":6732240,"M":true,"q":"98.00000000","s":"DOCKBTC","a":4182935,"T":1597074849621,"e":"aggTrade","p":"0.00000221","f":6732240},{"m":false,"E":1597074853411,"l":6732241,"M":true,"q":"181.00000000","s":"DOCKBTC","a":4182936,"T":1597074853409,"e":"aggTrade","p":"0.00000222","f":6732241},{"m":false,"E":1597074853514,"l":6732242,"M":true,"q":"91.00000000","s":"DOCKBTC","a":4182937,"T":1597074853512,"e":"aggTrade","p":"0.00000222","f":6732242},{"m":false,"E":1597074853859,"l":6732243,"M":true,"q":"181.00000000","s":"DOCKBTC","a":4182938,"T":1597074853858,"e":"aggTrade","p":"0.00000222","f":6732243},{"m":true,"E":1597074856795,"l":6732244,"M":true,"q":"2444.00000000","s":"DOCKBTC","a":4182939,"T":1597074856794,"e":"aggTrade","p":"0.00000221","f":6732244},{"m":true,"E":1597074867568,"l":6732245,"M":true,"q":"828.00000000","s":"DOCKBTC","a":4182940,"T":1597074867567,"e":"aggTrade","p":"0.00000221","f":6732245},{"m":false,"E":1597074868388,"l":6732246,"M":true,"q":"451.00000000","s":"DOCKBTC","a":4182941,"T":1597074868387,"e":"aggTrade","p":"0.00000222","f":6732246},{"m":false,"E":1597074871582,"l":6732250,"M":true,"q":"4809.00000000","s":"DOCKBTC","a":4182942,"T":1597074871580,"e":"aggTrade","p":"0.00000222","f":6732247},{"m":true,"E":1597074871589,"l":6732251,"M":true,"q":"21622.00000000","s":"DOCKBTC","a":4182943,"T":1597074871588,"e":"aggTrade","p":"0.00000222","f":6732251},{"m":true,"E":1597074875426,"l":6732252,"M":true,"q":"5524.00000000","s":"DOCKBTC","a":4182944,"T":1597074875425,"e":"aggTrade","p":"0.00000221","f":6732252},{"m":true,"E":1597074876505,"l":6732254,"M":true,"q":"5524.00000000","s":"DOCKBTC","a":4182945,"T":1597074876504,"e":"aggTrade","p":"0.00000221","f":6732253},{"m":true,"E":1597074877756,"l":6732256,"M":true,"q":"5785.00000000","s":"DOCKBTC","a":4182946,"T":1597074877755,"e":"aggTrade","p":"0.00000221","f":6732255},{"m":true,"E":1597074885002,"l":6732257,"M":true,"q":"9600.00000000","s":"DOCKBTC","a":4182947,"T":1597074885001,"e":"aggTrade","p":"0.00000222","f":6732257},{"m":true,"E":1597074885003,"l":6732258,"M":true,"q":"9600.00000000","s":"DOCKBTC","a":4182948,"T":1597074885002,"e":"aggTrade","p":"0.00000222","f":6732258},{"m":true,"E":1597074885003,"l":6732259,"M":true,"q":"1.00000000","s":"DOCKBTC","a":4182949,"T":1597074885002,"e":"aggTrade","p":"0.00000222","f":6732259},{"m":true,"E":1597074887693,"l":6732260,"M":true,"q":"7000.00000000","s":"DOCKBTC","a":4182950,"T":1597074887692,"e":"aggTrade","p":"0.00000221","f":6732260},{"m":true,"E":1597074887778,"l":6732261,"M":true,"q":"6572.00000000","s":"DOCKBTC","a":4182951,"T":1597074887777,"e":"aggTrade","p":"0.00000222","f":6732261},{"m":true,"E":1597074887782,"l":6732262,"M":true,"q":"6572.00000000","s":"DOCKBTC","a":4182952,"T":1597074887781,"e":"aggTrade","p":"0.00000222","f":6732262},{"m":true,"E":1597074887782,"l":6732263,"M":true,"q":"1.00000000","s":"DOCKBTC","a":4182953,"T":1597074887781,"e":"aggTrade","p":"0.00000222","f":6732263},{"m":true,"E":1597074888805,"l":6732267,"M":true,"q":"4000.00000000","s":"DOCKBTC","a":4182954,"T":1597074888803,"e":"aggTrade","p":"0.00000221","f":6732264},{"m":false,"E":1597074902968,"l":6732268,"M":true,"q":"46.00000000","s":"DOCKBTC","a":4182955,"T":1597074902967,"e":"aggTrade","p":"0.00000222","f":6732268},{"m":false,"E":1597074904051,"l":6732270,"M":true,"q":"12048.00000000","s":"DOCKBTC","a":4182956,"T":1597074904050,"e":"aggTrade","p":"0.00000222","f":6732269},{"m":true,"E":1597074904147,"l":6732271,"M":true,"q":"6097.00000000","s":"DOCKBTC","a":4182957,"T":1597074904146,"e":"aggTrade","p":"0.00000222","f":6732271},{"m":true,"E":1597074906395,"l":6732272,"M":true,"q":"385.00000000","s":"DOCKBTC","a":4182958,"T":1597074906394,"e":"aggTrade","p":"0.00000222","f":6732272},{"m":true,"E":1597074906455,"l":6732273,"M":true,"q":"385.00000000","s":"DOCKBTC","a":4182959,"T":1597074906454,"e":"aggTrade","p":"0.00000222","f":6732273},{"m":true,"E":1597074906661,"l":6732274,"M":true,"q":"388.00000000","s":"DOCKBTC","a":4182960,"T":1597074906660,"e":"aggTrade","p":"0.00000222","f":6732274},{"m":true,"E":1597074914118,"l":6732275,"M":true,"q":"960.00000000","s":"DOCKBTC","a":4182961,"T":1597074914116,"e":"aggTrade","p":"0.00000222","f":6732275},{"m":true,"E":1597074918891,"l":6732276,"M":true,"q":"1326.00000000","s":"DOCKBTC","a":4182962,"T":1597074918890,"e":"aggTrade","p":"0.00000222","f":6732276},{"m":true,"E":1597074949596,"l":6732279,"M":true,"q":"7791.00000000","s":"DOCKBTC","a":4182963,"T":1597074949594,"e":"aggTrade","p":"0.00000222","f":6732277},{"m":false,"E":1597074955642,"l":6732280,"M":true,"q":"8069.00000000","s":"DOCKBTC","a":4182964,"T":1597074955640,"e":"aggTrade","p":"0.00000222","f":6732280},{"m":false,"E":1597074955801,"l":6732281,"M":true,"q":"4762.00000000","s":"DOCKBTC","a":4182965,"T":1597074955799,"e":"aggTrade","p":"0.00000222","f":6732281},{"m":true,"E":1597074957464,"l":6732282,"M":true,"q":"92.00000000","s":"DOCKBTC","a":4182966,"T":1597074957463,"e":"aggTrade","p":"0.00000221","f":6732282}],[{"m":true,"E":1597081431117,"l":6733231,"M":true,"q":"19454.00000000","s":"DOCKBTC","a":4183495,"T":1597081431116,"e":"aggTrade","p":"0.00000216","f":6733230},{"m":true,"E":1597081431117,"l":6733238,"M":true,"q":"54614.00000000","s":"DOCKBTC","a":4183496,"T":1597081431116,"e":"aggTrade","p":"0.00000216","f":6733232},{"m":true,"E":1597081431144,"l":6733271,"M":true,"q":"79000.00000000","s":"DOCKBTC","a":4183497,"T":1597081431140,"e":"aggTrade","p":"0.00000216","f":6733239},{"m":true,"E":1597081431176,"l":6733277,"M":true,"q":"28933.00000000","s":"DOCKBTC","a":4183498,"T":1597081431174,"e":"aggTrade","p":"0.00000216","f":6733272},{"m":true,"E":1597081431268,"l":6733278,"M":true,"q":"14814.00000000","s":"DOCKBTC","a":4183499,"T":1597081431267,"e":"aggTrade","p":"0.00000216","f":6733278},{"m":false,"E":1597081448399,"l":6733279,"M":true,"q":"93.00000000","s":"DOCKBTC","a":4183500,"T":1597081448398,"e":"aggTrade","p":"0.00000216","f":6733279},{"m":true,"E":1597081481860,"l":6733326,"M":true,"q":"164765.00000000","s":"DOCKBTC","a":4183501,"T":1597081481855,"e":"aggTrade","p":"0.00000215","f":6733280},{"m":true,"E":1597081481860,"l":6733331,"M":true,"q":"11658.00000000","s":"DOCKBTC","a":4183502,"T":1597081481855,"e":"aggTrade","p":"0.00000215","f":6733327},{"m":true,"E":1597081481860,"l":6733333,"M":true,"q":"72190.00000000","s":"DOCKBTC","a":4183503,"T":1597081481855,"e":"aggTrade","p":"0.00000215","f":6733332},{"m":true,"E":1597081481860,"l":6733336,"M":true,"q":"62984.00000000","s":"DOCKBTC","a":4183504,"T":1597081481855,"e":"aggTrade","p":"0.00000214","f":6733334},{"m":true,"E":1597081481860,"l":6733337,"M":true,"q":"879.00000000","s":"DOCKBTC","a":4183505,"T":1597081481855,"e":"aggTrade","p":"0.00000214","f":6733337},{"m":true,"E":1597081481860,"l":6733344,"M":true,"q":"25865.00000000","s":"DOCKBTC","a":4183506,"T":1597081481855,"e":"aggTrade","p":"0.00000214","f":6733338}