[{"peak":"","transactionList":[]},{"peak":"12.15384615|3270,-4.49740190|900,7.04174879|2310,-24.51021259|6120,3.52230096|150,-3.54388159|150,6.52491140|630,-3.84068279|330,13.47287137|2700,-8.02863223|3120,3.86922035|600,-4.33346288|270,7.13175282|3900,-7.09013209|2121,9.80963481|1654,-4.54965785|248,-4.54965785|248","transactionList":[{},{},{},{},{},{},{},{},{},{},{},{},{},{},{},{},[]]},{"peak":"4.54545455|690,-3.52250489|1230,6.84931507|3900,-5.81395349|1530,3.87596899|1830,-19.11111111|4230,7.77777778|2130,-4.97835498|750,11.03896104|720,-6.65280665|600,6.44490644|420,-12.28070175|1770,3.07017544|1110,-3.29670330|150,3.29670330|510,-7.30593607|5754,3.19634703|1538,3.19634703|1538","transactionList":[{},{},{},{},{},{},{},{},{},{},{},{},{},{},{},{},{},[{"m":false,"l":6695178,"M":true,"q":"2334.00000000","a":5494043,"T":1596814332755,"p":"0.00000224","f":6695178},{"m":false,"l":6695184,"M":true,"q":"93887.00000000","a":5494044,"T":1596814332755,"p":"0.00000225","f":6695179},{"m":false,"l":6695201,"M":true,"q":"58533.00000000","a":5494045,"T":1596814332755,"p":"0.00000226","f":6695185},{"m":false,"l":6695239,"M":true,"q":"89713.00000000","a":5494046,"T":1596814332755,"p":"0.00000227","f":6695202},{"m":false,"l":6695281,"M":true,"q":"127305.00000000","a":5494047,"T":1596814332755,"p":"0.00000228","f":6695240},{"m":true,"l":6695282,"M":true,"q":"666.00000000","a":5494048,"T":1596814332904,"p":"0.00000225","f":6695282},{"m":true,"l":6695283,"M":true,"q":"666.00000000","a":5494049,"T":1596814332904,"p":"0.00000225","f":6695283},{"m":true,"l":6695284,"M":true,"q":"666.00000000","a":5494050,"T":1596814332904,"p":"0.00000225","f":6695284},{"m":true,"l":6695285,"M":true,"q":"666.00000000","a":5494051,"T":1596814332905,"p":"0.00000225","f":6695285},{"m":true,"l":6695286,"M":true,"q":"666.00000000","a":5494052,"T":1596814332905,"p":"0.00000225","f":6695286},{"m":true,"l":6695287,"M":true,"q":"666.00000000","a":5494053,"T":1596814332905,"p":"0.00000225","f":6695287},{"m":true,"l":6695288,"M":true,"q":"666.00000000","a":5494054,"T":1596814332906,"p":"0.00000225","f":6695288},{"m":true,"l":6695289,"M":true,"q":"666.00000000","a":5494055,"T":1596814332907,"p":"0.00000225","f":6695289},{"m":true,"l":6695290,"M":true,"q":"666.00000000","a":5494056,"T":1596814332907,"p":"0.00000225","f":6695290},{"m":true,"l":6695291,"M":true,"q":"661.00000000","a":5494057,"T":1596814332909,"p":"0.00000225","f":6695291},{"m":true,"l":6695295,"M":true,"q":"8291.00000000","a":5494058,"T":1596814333057,"p":"0.00000224","f":6695292},{"m":true,"l":6695296,"M":true,"q":"3000.00000000","a":5494059,"T":1596814333277,"p":"0.00000224","f":6695296},{"m":false,"l":6695297,"M":true,"q":"1735.00000000","a":5494060,"T":1596814334191,"p":"0.00000225","f":6695297},{"m":false,"l":6695298,"M":true,"q":"84.00000000","a":5494061,"T":1596814334196,"p":"0.00000226","f":6695298},{"m":true,"l":6695299,"M":true,"q":"1652.00000000","a":5494062,"T":1596814334225,"p":"0.00000225","f":6695299},{"m":false,"l":6695300,"M":true,"q":"500.00000000","a":5494063,"T":1596814334318,"p":"0.00000225","f":6695300},{"m":false,"l":6695301,"M":true,"q":"84.00000000","a":5494064,"T":1596814334633,"p":"0.00000225","f":6695301},{"m":false,"l":6695302,"M":true,"q":"210.00000000","a":5494065,"T":1596814335134,"p":"0.00000225","f":6695302},{"m":false,"l":6695303,"M":true,"q":"244.00000000","a":5494066,"T":1596814335195,"p":"0.00000225","f":6695303},{"m":false,"l":6695304,"M":true,"q":"211.00000000","a":5494067,"T":1596814335304,"p":"0.00000225","f":6695304},{"m":false,"l":6695305,"M":true,"q":"212.00000000","a":5494068,"T":1596814335396,"p":"0.00000225","f":6695305},{"m":false,"l":6695307,"M":true,"q":"350.00000000","a":5494069,"T":1596814336081,"p":"0.00000225","f":6695306},{"m":false,"l":6695308,"M":true,"q":"350.00000000","a":5494070,"T":1596814336441,"p":"0.00000225","f":6695308},{"m":true,"l":6695309,"M":true,"q":"1143.00000000","a":5494071,"T":1596814338930,"p":"0.00000224","f":6695309},{"m":false,"l":6695310,"M":true,"q":"59.00000000","a":5494072,"T":1596814340545,"p":"0.00000225","f":6695310},{"m":false,"l":6695311,"M":true,"q":"100.00000000","a":5494073,"T":1596814341151,"p":"0.00000225","f":6695311},{"m":false,"l":6695312,"M":true,"q":"120.00000000","a":5494074,"T":1596814341566,"p":"0.00000225","f":6695312},{"m":false,"l":6695313,"M":true,"q":"50.00000000","a":5494075,"T":1596814341696,"p":"0.00000225","f":6695313},{"m":false,"l":6695314,"M":true,"q":"100.00000000","a":5494076,"T":1596814341824,"p":"0.00000225","f":6695314},{"m":false,"l":6695315,"M":true,"q":"50.00000000","a":5494077,"T":1596814342124,"p":"0.00000225","f":6695315},{"m":false,"l":6695316,"M":true,"q":"50.00000000","a":5494078,"T":1596814342536,"p":"0.00000225","f":6695316},{"m":false,"l":6695317,"M":true,"q":"120.00000000","a":5494079,"T":1596814342733,"p":"0.00000225","f":6695317},{"m":false,"l":6695318,"M":true,"q":"45.00000000","a":5494080,"T":1596814354885,"p":"0.00000225","f":6695318},{"m":false,"l":6695319,"M":true,"q":"737.00000000","a":5494081,"T":1596814359391,"p":"0.00000225","f":6695319},{"m":true,"l":6695320,"M":true,"q":"1466.00000000","a":5494082,"T":1596814359401,"p":"0.00000225","f":6695320},{"m":true,"l":6695321,"M":true,"q":"10.00000000","a":5494083,"T":1596814359431,"p":"0.00000225","f":6695321},{"m":false,"l":6695323,"M":true,"q":"2942.00000000","a":5494084,"T":1596814359926,"p":"0.00000225","f":6695322},{"m":true,"l":6695324,"M":true,"q":"12143.00000000","a":5494085,"T":1596814359978,"p":"0.00000225","f":6695324},{"m":true,"l":6695325,"M":true,"q":"9694.00000000","a":5494086,"T":1596814360122,"p":"0.00000225","f":6695325},{"m":true,"l":6695326,"M":true,"q":"8940.00000000","a":5494087,"T":1596814360488,"p":"0.00000225","f":6695326},{"m":true,"l":6695327,"M":true,"q":"3454.00000000","a":5494088,"T":1596814360491,"p":"0.00000225","f":6695327},{"m":true,"l":6695328,"M":true,"q":"8568.00000000","a":5494089,"T":1596814360543,"p":"0.00000225","f":6695328},{"m":true,"l":6695329,"M":true,"q":"17507.00000000","a":5494090,"T":1596814360625,"p":"0.00000225","f":6695329},{"m":true,"l":6695330,"M":true,"q":"14276.00000000","a":5494091,"T":1596814361626,"p":"0.00000225","f":6695330},{"m":true,"l":6695331,"M":true,"q":"3232.00000000","a":5494092,"T":1596814361751,"p":"0.00000225","f":6695331},{"m":true,"l":6695332,"M":true,"q":"1023.00000000","a":5494093,"T":1596814361770,"p":"0.00000225","f":6695332},{"m":true,"l":6695333,"M":true,"q":"667.00000000","a":5494094,"T":1596814364068,"p":"0.00000225","f":6695333},{"m":true,"l":6695334,"M":true,"q":"756.00000000","a":5494095,"T":1596814364171,"p":"0.00000225","f":6695334},{"m":true,"l":6695335,"M":true,"q":"4185.00000000","a":5494096,"T":1596814364211,"p":"0.00000225","f":6695335},{"m":true,"l":6695336,"M":true,"q":"845.00000000","a":5494097,"T":1596814366468,"p":"0.00000225","f":6695336},{"m":true,"l":6695337,"M":true,"q":"934.00000000","a":5494098,"T":1596814366580,"p":"0.00000225","f":6695337},{"m":true,"l":6695338,"M":true,"q":"667.00000000","a":5494099,"T":1596814371277,"p":"0.00000225","f":6695338},{"m":false,"l":6695339,"M":true,"q":"45.00000000","a":5494100,"T":1596814373327,"p":"0.00000226","f":6695339},{"m":true,"l":6695340,"M":true,"q":"66.00000000","a":5494101,"T":1596814377407,"p":"0.00000225","f":6695340},{"m":true,"l":6695341,"M":true,"q":"1737.00000000","a":5494102,"T":1596814377920,"p":"0.00000225","f":6695341},{"m":true,"l":6695342,"M":true,"q":"1529.00000000","a":5494103,"T":1596814378342,"p":"0.00000225","f":6695342}]]},{"peak":"11.24482888|6660,-6.25000000|1650,5.35201149|2550,-13.72625048|1230,6.55292749|450,-27.51740139|1410,5.05800464|150,-5.69561158|150,7.79645191|750,-4.85921889|60,20.02724796|1200,-10.17090454|900,9.17048770|630,-14.21718273|1860,8.37331007|1350,-4.76391231|300,6.82967960|2490,-5.75959933|990,3.46410684|1260,-3.11980033|630,4.03494176|30,-5.79526227|507,4.65313029|2382","transactionList":[{},{},{},{},{},{},{},{},{},{},{},{},{},{},{},{},{},{},{},{},{},{},{}]},{"peak":"2.33463035|90,-3.13725490|300,15.68627451|630,-4.24028269|240,8.48056537|270,-4.06779661|150,4.40677966|150,-13.23529412|570,3.30882353|120,-6.03773585|330,7.16981132|210,-3.27272727|150,8.36363636|540,-8.36363636|300,4.00000000|690,-3.24909747|60,5.41516245|120,-6.95970696|210,7.69230769|600,-3.52112676|480,15.49295775|480,-11.18644068|450,7.11864407|990,-11.66077739|90,3.53356890|810,-8.51851852|870,3.70370370|150,-3.32103321|720,14.02214022|270,-24.59677419|1110,7.25806452|240,-3.10077519|90,3.48837209|360,-17.10526316|480,6.14035088|150,-18.62745098|510,16.17647059|210,-11.79245283|90,16.98113208|660,-10.71428571|330,3.57142857|330,-3.11111111|90,25.33333333|780,-4.05904059|90,4.79704797|120,-9.65250965|150,16.21621622|630,-4.15224913|90,5.53633218|60,-14.23220974|810,9.36329588|240,-9.77443609|810,3.75939850|60,-6.97674419|420,4.65116279|270,-9.31174089|330,5.26315789|450,-7.88381743|840,16.18257261|1680,-8.94941634|480,19.45525292|1740,-3.36700337|120,3.70370370|120,-4.76190476|510,7.82312925|120,-5.31561462|90,5.64784053|60,-4.95049505|342,6.93069307|294,-9.09090909|786,18.51851852|474,-3.83480826|63,12.97935103|132,-4.64480874|48,3.27868852|15,-8.30945559|158,6.01719198|81,-4.81586402|103,3.96600567|61,-4.26136364|162,3.69318182|61,-5.79710145|120,8.69565217|109,-8.69565217|86,3.76811594|31,-3.46820809|27,7.80346821|75,8.38150289|79,-3.87811634|22,9.97229917|225,-8.76712329|141,4.38356164|325,-7.32394366|260,8.45070423|119","transactionList":[{},{},{},{},{},{},{},{},{},{},{},{},{},{},{},{},{},{},{},{},{},{},{},{},{},{},{},{},{},{},{},{},{},{},{},{},{},{},{},{},{},{},{},{},{},{},{},{},{},{},{},{},{},{},{},{},{},{},{},{},{},{},{},{},{},{},{},{},{},{},{},{},{},{},{},{},{},{},{},{},{},{},{},{},{},{},{},[{"m":false,"E":1596829890448,"l":6676331,"M":true,"q":"55.00000000","s":"DOCKBTC","a":4152443,"T":1596829890446,"e":"aggTrade","p":"0.00000187","f":6676331},{"m":false,"E":1596829890546,"l":6676332,"M":true,"q":"55.00000000","s":"DOCKBTC","a":4152444,"T":1596829890545,"e":"aggTrade","p":"0.00000187","f":6676332},{"m":false,"E":1596829890668,"l":6676333,"M":true,"q":"55.00000000","s":"DOCKBTC","a":4152445,"T":1596829890667,"e":"aggTrade","p":"0.00000187","f":6676333},{"m":false,"E":1596829890917,"l":6676334,"M":true,"q":"55.00000000","s":"DOCKBTC","a":4152446,"T":1596829890916,"e":"aggTrade","p":"0.00000187","f":6676334},{"m":false,"E":1596829891016,"l":6676335,"M":true,"q":"55.00000000","s":"DOCKBTC","a":4152447,"T":1596829891015,"e":"aggTrade","p":"0.00000187","f":6676335},{"m":false,"E":1596829891347,"l":6676336,"M":true,"q":"55.00000000","s":"DOCKBTC","a":4152448,"T":1596829891346,"e":"aggTrade","p":"0.00000187","f":6676336},{"m":false,"E":1596829892343,"l":6676337,"M":true,"q":"55.00000000","s":"DOCKBTC","a":4152449,"T":1596829892342,"e":"aggTrade","p":"0.00000187","f":6676337},{"m":false,"E":1596829892554,"l":6676338,"M":true,"q":"55.00000000","s":"DOCKBTC","a":4152450,"T":1596829892553,"e":"aggTrade","p":"0.00000187","f":6676338},{"m":false,"E":1596829893870,"l":6676339,"M":true,"q":"55.00000000","s":"DOCKBTC","a":4152451,"T":1596829893869,"e":"aggTrade","p":"0.00000187","f":6676339},{"m":false,"E":1596829894094,"l":6676340,"M":true,"q":"55.00000000","s":"DOCKBTC","a":4152452,"T":1596829894093,"e":"aggTrade","p":"0.00000187","f":6676340},{"m":false,"E":1596829894284,"l":6676341,"M":true,"q":"55.00000000","s":"DOCKBTC","a":4152453,"T":1596829894283,"e":"aggTrade","p":"0.00000187","f":6676341},{"m":false,"E":1596829894543,"l":6676342,"M":true,"q":"55.00000000","s":"DOCKBTC","a":4152454,"T":1596829894541,"e":"aggTrade","p":"0.00000187","f":6676342},{"m":false,"E":1596829894923,"l":6676343,"M":true,"q":"55.00000000","s":"DOCKBTC","a":4152455,"T":1596829894922,"e":"aggTrade","p":"0.00000187","f":6676343},{"m":true,"E":1596829895020,"l":6676344,"M":true,"q":"382.00000000","s":"DOCKBTC","a":4152456,"T":1596829895019,"e":"aggTrade","p":"0.00000186","f":6676344},{"m":false,"E":1596829895819,"l":6676345,"M":true,"q":"55.00000000","s":"DOCKBTC","a":4152457,"T":1596829895818,"e":"aggTrade","p":"0.00000187","f":6676345},{"m":false,"E":1596829896083,"l":6676346,"M":true,"q":"55.00000000","s":"DOCKBTC","a":4152458,"T":1596829896082,"e":"aggTrade","p":"0.00000187","f":6676346},{"m":false,"E":1596829896289,"l":6676347,"M":true,"q":"55.00000000","s":"DOCKBTC","a":4152459,"T":1596829896288,"e":"aggTrade","p":"0.00000187","f":6676347},{"m":false,"E":1596829896631,"l":6676348,"M":true,"q":"55.00000000","s":"DOCKBTC","a":4152460,"T":1596829896630,"e":"aggTrade","p":"0.00000187","f":6676348},{"m":false,"E":1596829897093,"l":6676349,"M":true,"q":"55.00000000","s":"DOCKBTC","a":4152461,"T":1596829897092,"e":"aggTrade","p":"0.00000187","f":6676349},{"m":false,"E":1596829897262,"l":6676350,"M":true,"q":"55.00000000","s":"DOCKBTC","a":4152462,"T":1596829897261,"e":"aggTrade","p":"0.00000187","f":6676350},{"m":false,"E":1596829897286,"l":6676351,"M":true,"q":"55.00000000","s":"DOCKBTC","a":4152463,"T":1596829897285,"e":"aggTrade","p":"0.00000187","f":6676351},{"m":false,"E":1596829897565,"l":6676352,"M":true,"q":"55.00000000","s":"DOCKBTC","a":4152464,"T":1596829897564,"e":"aggTrade","p":"0.00000187","f":6676352},{"m":false,"E":1596829897891,"l":6676353,"M":true,"q":"55.00000000","s":"DOCKBTC","a":4152465,"T":1596829897889,"e":"aggTrade","p":"0.00000187","f":6676353},{"m":false,"E":1596829898199,"l":6676354,"M":true,"q":"55.00000000","s":"DOCKBTC","a":4152466,"T":1596829898198,"e":"aggTrade","p":"0.00000187","f":6676354},{"m":false,"E":1596829898391,"l":6676355,"M":true,"q":"55.00000000","s":"DOCKBTC","a":4152467,"T":1596829898390,"e":"aggTrade","p":"0.00000187","f":6676355},{"m":false,"E":1596829898677,"l":6676356,"M":true,"q":"55.00000000","s":"DOCKBTC","a":4152468,"T":1596829898676,"e":"aggTrade","p":"0.00000187","f":6676356},{"m":false,"E":1596829898918,"l":6676357,"M":true,"q":"55.00000000","s":"DOCKBTC","a":4152469,"T":1596829898917,"e":"aggTrade","p":"0.00000187","f":6676357},{"m":false,"E":1596829899002,"l":6676358,"M":true,"q":"55.00000000","s":"DOCKBTC","a":4152470,"T":1596829899000,"e":"aggTrade","p":"0.00000187","f":6676358},{"m":false,"E":1596829899296,"l":6676359,"M":true,"q":"55.00000000","s":"DOCKBTC","a":4152471,"T":1596829899295,"e":"aggTrade","p":"0.00000187","f":6676359},{"m":false,"E":1596829899542,"l":6676360,"M":true,"q":"55.00000000","s":"DOCKBTC","a":4152472,"T":1596829899540,"e":"aggTrade","p":"0.00000187","f":6676360},{"m":false,"E":1596829899830,"l":6676361,"M":true,"q":"55.00000000","s":"DOCKBTC","a":4152473,"T":1596829899828,"e":"aggTrade","p":"0.00000187","f":6676361},{"m":false,"E":1596829900964,"l":6676362,"M":true,"q":"55.00000000","s":"DOCKBTC","a":4152474,"T":1596829900963,"e":"aggTrade","p":"0.00000187","f":6676362},{"m":false,"E":1596829901218,"l":6676363,"M":true,"q":"55.00000000","s":"DOCKBTC","a":4152475,"T":1596829901217,"e":"aggTrade","p":"0.00000187","f":6676363},{"m":false,"E":1596829901519,"l":6676364,"M":true,"q":"55.00000000","s":"DOCKBTC","a":4152476,"T":1596829901517,"e":"aggTrade","p":"0.00000187","f":6676364},{"m":false,"E":1596829901781,"l":6676365,"M":true,"q":"55.00000000","s":"DOCKBTC","a":4152477,"T":1596829901779,"e":"aggTrade","p":"0.00000187","f":6676365},{"m":false,"E":1596829902042,"l":6676366,"M":true,"q":"55.00000000","s":"DOCKBTC","a":4152478,"T":1596829902041,"e":"aggTrade","p":"0.00000187","f":6676366},{"m":false,"E":1596829902224,"l":6676367,"M":true,"q":"55.00000000","s":"DOCKBTC","a":4152479,"T":1596829902223,"e":"aggTrade","p":"0.00000187","f":6676367},{"m":false,"E":1596829903669,"l":6676368,"M":true,"q":"55.00000000","s":"DOCKBTC","a":4152480,"T":1596829903668,"e":"aggTrade","p":"0.00000187","f":6676368},{"m":false,"E":1596829904337,"l":6676369,"M":true,"q":"55.00000000","s":"DOCKBTC","a":4152481,"T":1596829904336,"e":"aggTrade","p":"0.00000187","f":6676369},{"m":false,"E":1596829905592,"l":6676370,"M":true,"q":"55.00000000","s":"DOCKBTC","a":4152482,"T":1596829905591,"e":"aggTrade","p":"0.00000187","f":6676370},{"m":false,"E":1596829905887,"l":6676371,"M":true,"q":"55.00000000","s":"DOCKBTC","a":4152483,"T":1596829905886,"e":"aggTrade","p":"0.00000187","f":6676371},{"m":false,"E":1596829906443,"l":6676372,"M":true,"q":"55.00000000","s":"DOCKBTC","a":4152484,"T":1596829906441,"e":"aggTrade","p":"0.00000187","f":6676372},{"m":false,"E":1596829906631,"l":6676373,"M":true,"q":"55.00000000","s":"DOCKBTC","a":4152485,"T":1596829906630,"e":"aggTrade","p":"0.00000187","f":6676373},{"m":false,"E":1596829906763,"l":6676374,"M":true,"q":"55.00000000","s":"DOCKBTC","a":4152486,"T":1596829906762,"e":"aggTrade","p":"0.00000187","f":6676374},{"m":false,"E":1596829906931,"l":6676375,"M":true,"q":"55.00000000","s":"DOCKBTC","a":4152487,"T":1596829906930,"e":"aggTrade","p":"0.00000187","f":6676375},{"m":false,"E":1596829907174,"l":6676376,"M":true,"q":"55.00000000","s":"DOCKBTC","a":4152488,"T":1596829907173,"e":"aggTrade","p":"0.00000187","f":6676376},{"m":false,"E":1596829908149,"l":6676377,"M":true,"q":"55.00000000","s":"DOCKBTC","a":4152489,"T":1596829908148,"e":"aggTrade","p":"0.00000187","f":6676377},{"m":false,"E":1596829914110,"l":6676379,"M":true,"q":"19975.00000000","s":"DOCKBTC","a":4152490,"T":1596829914106,"e":"aggTrade","p":"0.00000187","f":6676378},{"m":false,"E":1596829914110,"l":6676409,"M":true,"q":"226593.00000000","s":"DOCKBTC","a":4152491,"T":1596829914106,"e":"aggTrade","p":"0.00000188","f":6676380},{"m":true,"E":1596829914116,"l":6676410,"M":true,"q":"9000.00000000","s":"DOCKBTC","a":4152492,"T":1596829914115,"e":"aggTrade","p":"0.00000187","f":6676410},{"m":true,"E":1596829914121,"l":6676411,"M":true,"q":"9000.00000000","s":"DOCKBTC","a":4152493,"T":1596829914119,"e":"aggTrade","p":"0.00000187","f":6676411},{"m":true,"E":1596829914121,"l":6676412,"M":true,"q":"6382.00000000","s":"DOCKBTC","a":4152494,"T":1596829914120,"e":"aggTrade","p":"0.00000187","f":6676412},{"m":true,"E":1596829914138,"l":6676413,"M":true,"q":"13501.00000000","s":"DOCKBTC","a":4152495,"T":1596829914137,"e":"aggTrade","p":"0.00000187","f":6676413},{"m":false,"E":1596829915308,"l":6676414,"M":true,"q":"55.00000000","s":"DOCKBTC","a":4152496,"T":1596829915307,"e":"aggTrade","p":"0.00000187","f":6676414},{"m":false,"E":1596829916249,"l":6676415,"M":true,"q":"517.00000000","s":"DOCKBTC","a":4152497,"T":1596829916248,"e":"aggTrade","p":"0.00000187","f":6676415},{"m":false,"E":1596829916277,"l":6676416,"M":true,"q":"252.00000000","s":"DOCKBTC","a":4152498,"T":1596829916276,"e":"aggTrade","p":"0.00000187","f":6676416},{"m":false,"E":1596829916324,"l":6676417,"M":true,"q":"120.00000000","s":"DOCKBTC","a":4152499,"T":1596829916323,"e":"aggTrade","p":"0.00000187","f":6676417},{"m":false,"E":1596829916571,"l":6676418,"M":true,"q":"55.00000000","s":"DOCKBTC","a":4152500,"T":1596829916570,"e":"aggTrade","p":"0.00000187","f":6676418},{"m":false,"E":1596829916707,"l":6676419,"M":true,"q":"1343.00000000","s":"DOCKBTC","a":4152501,"T":1596829916706,"e":"aggTrade","p":"0.00000187","f":6676419},{"m":false,"E":1596829916921,"l":6676420,"M":true,"q":"55.00000000","s":"DOCKBTC","a":4152502,"T":1596829916920,"e":"aggTrade","p":"0.00000187","f":6676420},{"m":false,"E":1596829916949,"l":6676421,"M":true,"q":"55.00000000","s":"DOCKBTC","a":4152503,"T":1596829916948,"e":"aggTrade","p":"0.00000187","f":6676421},{"m":false,"E":1596829916953,"l":6676422,"M":true,"q":"55.00000000","s":"DOCKBTC","a":4152504,"T":1596829916951,"e":"aggTrade","p":"0.00000187","f":6676422},{"m":false,"E":1596829917215,"l":6676423,"M":true,"q":"55.00000000","s":"DOCKBTC","a":4152505,"T":1596829917213,"e":"aggTrade","p":"0.00000187","f":6676423},{"m":false,"E":1596829917390,"l":6676424,"M":true,"q":"55.00000000","s":"DOCKBTC","a":4152506,"T":1596829917389,"e":"aggTrade","p":"0.00000187","f":6676424},{"m":false,"E":1596829917394,"l":6676425,"M":true,"q":"55.00000000","s":"DOCKBTC","a":4152507,"T":1596829917393,"e":"aggTrade","p":"0.00000187","f":6676425},{"m":false,"E":1596829917584,"l":6676426,"M":true,"q":"4152.00000000","s":"DOCKBTC","a":4152508,"T":1596829917582,"e":"aggTrade","p":"0.00000187","f":6676426},{"m":false,"E":1596829917584,"l":6676430,"M":true,"q":"21360.00000000","s":"DOCKBTC","a":4152509,"T":1596829917582,"e":"aggTrade","p":"0.00000188","f":6676427},{"m":true,"E":1596829917588,"l":6676431,"M":true,"q":"9000.00000000","s":"DOCKBTC","a":4152510,"T":1596829917587,"e":"aggTrade","p":"0.00000187","f":6676431},{"m":false,"E":1596829917592,"l":6676432,"M":true,"q":"55.00000000","s":"DOCKBTC","a":4152511,"T":1596829917590,"e":"aggTrade","p":"0.00000188","f":6676432},{"m":false,"E":1596829917842,"l":6676433,"M":true,"q":"55.00000000","s":"DOCKBTC","a":4152512,"T":1596829917841,"e":"aggTrade","p":"0.00000187","f":6676433},{"m":false,"E":1596829918426,"l":6676434,"M":true,"q":"55.00000000","s":"DOCKBTC","a":4152513,"T":1596829918425,"e":"aggTrade","p":"0.00000187","f":6676434},{"m":false,"E":1596829918509,"l":6676435,"M":true,"q":"55.00000000","s":"DOCKBTC","a":4152514,"T":1596829918508,"e":"aggTrade","p":"0.00000187","f":6676435},{"m":false,"E":1596829918695,"l":6676436,"M":true,"q":"55.00000000","s":"DOCKBTC","a":4152515,"T":1596829918694,"e":"aggTrade","p":"0.00000187","f":6676436},{"m":false,"E":1596829918734,"l":6676437,"M":true,"q":"55.00000000","s":"DOCKBTC","a":4152516,"T":1596829918733,"e":"aggTrade","p":"0.00000187","f":6676437},{"m":false,"E":1596829919035,"l":6676438,"M":true,"q":"55.00000000","s":"DOCKBTC","a":4152517,"T":1596829919034,"e":"aggTrade","p":"0.00000187","f":6676438},{"m":false,"E":1596829919200,"l":6676439,"M":true,"q":"1063.00000000","s":"DOCKBTC","a":4152518,"T":1596829919199,"e":"aggTrade","p":"0.00000187","f":6676439},{"m":false,"E":1596829919300,"l":6676440,"M":true,"q":"55.00000000","s":"DOCKBTC","a":4152519,"T":1596829919299,"e":"aggTrade","p":"0.00000187","f":6676440},{"m":false,"E":1596829920266,"l":6676441,"M":true,"q":"55.00000000","s":"DOCKBTC","a":4152520,"T":1596829920265,"e":"aggTrade","p":"0.00000187","f":6676441},{"m":false,"E":1596829920486,"l":6676442,"M":true,"q":"55.00000000","s":"DOCKBTC","a":4152521,"T":1596829920485,"e":"aggTrade","p":"0.00000187","f":6676442},{"m":false,"E":1596829921230,"l":6676443,"M":true,"q":"8790.00000000","s":"DOCKBTC","a":4152522,"T":1596829921229,"e":"aggTrade","p":"0.00000187","f":6676443},{"m":false,"E":1596829921908,"l":6676444,"M":true,"q":"55.00000000","s":"DOCKBTC","a":4152523,"T":1596829921907,"e":"aggTrade","p":"0.00000187","f":6676444},{"m":false,"E":1596829922351,"l":6676445,"M":true,"q":"55.00000000","s":"DOCKBTC","a":4152524,"T":1596829922350,"e":"aggTrade","p":"0.00000187","f":6676445},{"m":false,"E":1596829922561,"l":6676446,"M":true,"q":"55.00000000","s":"DOCKBTC","a":4152525,"T":1596829922560,"e":"aggTrade","p":"0.00000187","f":6676446},{"m":false,"E":1596829922571,"l":6676447,"M":true,"q":"55.00000000","s":"DOCKBTC","a":4152526,"T":1596829922570,"e":"aggTrade","p":"0.00000187","f":6676447},{"m":false,"E":1596829922785,"l":6676448,"M":true,"q":"55.00000000","s":"DOCKBTC","a":4152527,"T":1596829922784,"e":"aggTrade","p":"0.00000187","f":6676448},{"m":false,"E":1596829923413,"l":6676449,"M":true,"q":"55.00000000","s":"DOCKBTC","a":4152528,"T":1596829923412,"e":"aggTrade","p":"0.00000187","f":6676449},{"m":false,"E":1596829923521,"l":6676450,"M":true,"q":"55.00000000","s":"DOCKBTC","a":4152529,"T":1596829923520,"e":"aggTrade","p":"0.00000187","f":6676450},{"m":false,"E":1596829923879,"l":6676451,"M":true,"q":"55.00000000","s":"DOCKBTC","a":4152530,"T":1596829923878,"e":"aggTrade","p":"0.00000187","f":6676451},{"m":false,"E":1596829924371,"l":6676452,"M":true,"q":"55.00000000","s":"DOCKBTC","a":4152531,"T":1596829924370,"e":"aggTrade","p":"0.00000187","f":6676452},{"m":false,"E":1596829924525,"l":6676453,"M":true,"q":"4539.00000000","s":"DOCKBTC","a":4152532,"T":1596829924525,"e":"aggTrade","p":"0.00000187","f":6676453},{"m":true,"E":1596829924539,"l":6676454,"M":true,"q":"1746.00000000","s":"DOCKBTC","a":4152533,"T":1596829924537,"e":"aggTrade","p":"0.00000187","f":6676454},{"m":false,"E":1596829924565,"l":6676455,"M":true,"q":"55.00000000","s":"DOCKBTC","a":4152534,"T":1596829924564,"e":"aggTrade","p":"0.00000187","f":6676455},{"m":false,"E":1596829924796,"l":6676456,"M":true,"q":"55.00000000","s":"DOCKBTC","a":4152535,"T":1596829924795,"e":"aggTrade","p":"0.00000187","f":6676456},{"m":false,"E":1596829924935,"l":6676457,"M":true,"q":"214.00000000","s":"DOCKBTC","a":4152536,"T":1596829924934,"e":"aggTrade","p":"0.00000187","f":6676457},{"m":false,"E":1596829924999,"l":6676458,"M":true,"q":"55.00000000","s":"DOCKBTC","a":4152537,"T":1596829924998,"e":"aggTrade","p":"0.00000187","f":6676458},{"m":false,"E":1596829925309,"l":6676459,"M":true,"q":"1314.00000000","s":"DOCKBTC","a":4152538,"T":1596829925308,"e":"aggTrade","p":"0.00000187","f":6676459},{"m":true,"E":1596829925324,"l":6676460,"M":true,"q":"512.00000000","s":"DOCKBTC","a":4152539,"T":1596829925323,"e":"aggTrade","p":"0.00000187","f":6676460},{"m":true,"E":1596829925327,"l":6676461,"M":true,"q":"512.00000000","s":"DOCKBTC","a":4152540,"T":1596829925326,"e":"aggTrade","p":"0.00000187","f":6676461},{"m":true,"E":1596829925343,"l":6676462,"M":true,"q":"2765.00000000","s":"DOCKBTC","a":4152541,"T":1596829925342,"e":"aggTrade","p":"0.00000187","f":6676462},{"m":false,"E":1596829925359,"l":6676463,"M":true,"q":"55.00000000","s":"DOCKBTC","a":4152542,"T":1596829925358,"e":"aggTrade","p":"0.00000188","f":6676463},{"m":true,"E":1596829925478,"l":6676464,"M":true,"q":"9000.00000000","s":"DOCKBTC","a":4152543,"T":1596829925477,"e":"aggTrade","p":"0.00000187","f":6676464},{"m":false,"E":1596829925521,"l":6676465,"M":true,"q":"55.00000000","s":"DOCKBTC","a":4152544,"T":1596829925519,"e":"aggTrade","p":"0.00000188","f":6676465},{"m":false,"E":1596829925834,"l":6676466,"M":true,"q":"55.00000000","s":"DOCKBTC","a":4152545,"T":1596829925833,"e":"aggTrade","p":"0.00000188","f":6676466},{"m":true,"E":1596829925925,"l":6676467,"M":true,"q":"3538.00000000","s":"DOCKBTC","a":4152546,"T":1596829925924,"e":"aggTrade","p":"0.00000187","f":6676467},{"m":true,"E":1596829926029,"l":6676468,"M":true,"q":"3509.00000000","s":"DOCKBTC","a":4152547,"T":1596829926028,"e":"aggTrade","p":"0.00000187","f":6676468},{"m":false,"E":1596829926107,"l":6676469,"M":true,"q":"55.00000000","s":"DOCKBTC","a":4152548,"T":1596829926106,"e":"aggTrade","p":"0.00000188","f":6676469},{"m":true,"E":1596829926135,"l":6676470,"M":true,"q":"3856.00000000","s":"DOCKBTC","a":4152549,"T":1596829926133,"e":"aggTrade","p":"0.00000187","f":6676470},{"m":false,"E":1596829926301,"l":6676471,"M":true,"q":"55.00000000","s":"DOCKBTC","a":4152550,"T":1596829926300,"e":"aggTrade","p":"0.00000188","f":6676471},{"m":true,"E":1596829926350,"l":6676472,"M":true,"q":"3717.00000000","s":"DOCKBTC","a":4152551,"T":1596829926349,"e":"aggTrade","p":"0.00000187","f":6676472},{"m":true,"E":1596829926672,"l":6676473,"M":true,"q":"3682.00000000","s":"DOCKBTC","a":4152552,"T":1596829926671,"e":"aggTrade","p":"0.00000187","f":6676473},{"m":true,"E":1596829926980,"l":6676474,"M":true,"q":"3521.00000000","s":"DOCKBTC","a":4152553,"T":1596829926978,"e":"aggTrade","p":"0.00000187","f":6676474},{"m":true,"E":1596829927287,"l":6676475,"M":true,"q":"1273.00000000","s":"DOCKBTC","a":4152554,"T":1596829927286,"e":"aggTrade","p":"0.00000187","f":6676475},{"m":true,"E":1596829927400,"l":6676476,"M":true,"q":"1246.00000000","s":"DOCKBTC","a":4152555,"T":1596829927399,"e":"aggTrade","p":"0.00000187","f":6676476},{"m":false,"E":1596829927669,"l":6676477,"M":true,"q":"55.00000000","s":"DOCKBTC","a":4152556,"T":1596829927668,"e":"aggTrade","p":"0.00000188","f":6676477},{"m":false,"E":1596829929511,"l":6676478,"M":true,"q":"55.00000000","s":"DOCKBTC","a":4152557,"T":1596829929510,"e":"aggTrade","p":"0.00000188","f":6676478},{"m":false,"E":1596829929904,"l":6676479,"M":true,"q":"55.00000000","s":"DOCKBTC","a":4152558,"T":1596829929903,"e":"aggTrade","p":"0.00000188","f":6676479},{"m":false,"E":1596829930202,"l":6676480,"M":true,"q":"55.00000000","s":"DOCKBTC","a":4152559,"T":1596829930201,"e":"aggTrade","p":"0.00000188","f":6676480},{"m":false,"E":1596829930538,"l":6676481,"M":true,"q":"55.00000000","s":"DOCKBTC","a":4152560,"T":1596829930537,"e":"aggTrade","p":"0.00000188","f":6676481},{"m":false,"E":1596829930915,"l":6676482,"M":true,"q":"55.00000000","s":"DOCKBTC","a":4152561,"T":1596829930914,"e":"aggTrade","p":"0.00000188","f":6676482},{"m":false,"E":1596829931078,"l":6676483,"M":true,"q":"55.00000000","s":"DOCKBTC","a":4152562,"T":1596829931077,"e":"aggTrade","p":"0.00000188","f":6676483},{"m":false,"E":1596829931430,"l":6676484,"M":true,"q":"55.00000000","s":"DOCKBTC","a":4152563,"T":1596829931429,"e":"aggTrade","p":"0.00000188","f":6676484},{"m":false,"E":1596829931566,"l":6676485,"M":true,"q":"55.00000000","s":"DOCKBTC","a":4152564,"T":1596829931565,"e":"aggTrade","p":"0.00000188","f":6676485},{"m":false,"E":1596829931860,"l":6676486,"M":true,"q":"55.00000000","s":"DOCKBTC","a":4152565,"T":1596829931859,"e":"aggTrade","p":"0.00000188","f":6676486},{"m":true,"E":1596829932039,"l":6676491,"M":true,"q":"19727.00000000","s":"DOCKBTC","a":4152566,"T":1596829932038,"e":"aggTrade","p":"0.00000187","f":6676487},{"m":false,"E":1596829932118,"l":6676492,"M":true,"q":"55.00000000","s":"DOCKBTC","a":4152567,"T":1596829932117,"e":"aggTrade","p":"0.00000188","f":6676492},{"m":false,"E":1596829932436,"l":6676493,"M":true,"q":"55.00000000","s":"DOCKBTC","a":4152568,"T":1596829932435,"e":"aggTrade","p":"0.00000188","f":6676493},{"m":false,"E":1596829932651,"l":6676494,"M":true,"q":"55.00000000","s":"DOCKBTC","a":4152569,"T":1596829932649,"e":"aggTrade","p":"0.00000188","f":6676494},{"m":false,"E":1596829932840,"l":6676495,"M":true,"q":"55.00000000","s":"DOCKBTC","a":4152570,"T":1596829932839,"e":"aggTrade","p":"0.00000188","f":6676495},{"m":true,"E":1596829933030,"l":6676496,"M":true,"q":"9136.00000000","s":"DOCKBTC","a":4152571,"T":1596829933029,"e":"aggTrade","p":"0.00000187","f":6676496},{"m":true,"E":1596829933030,"l":6676497,"M":true,"q":"144.00000000","s":"DOCKBTC","a":4152572,"T":1596829933029,"e":"aggTrade","p":"0.00000186","f":6676497},{"m":false,"E":1596829933082,"l":6676498,"M":true,"q":"55.00000000","s":"DOCKBTC","a":4152573,"T":1596829933081,"e":"aggTrade","p":"0.00000188","f":6676498},{"m":false,"E":1596829933326,"l":6676499,"M":true,"q":"55.00000000","s":"DOCKBTC","a":4152574,"T":1596829933325,"e":"aggTrade","p":"0.00000188","f":6676499},{"m":false,"E":1596829933646,"l":6676500,"M":true,"q":"55.00000000","s":"DOCKBTC","a":4152575,"T":1596829933645,"e":"aggTrade","p":"0.00000188","f":6676500},{"m":false,"E":1596829933771,"l":6676501,"M":true,"q":"55.00000000","s":"DOCKBTC","a":4152576,"T":1596829933770,"e":"aggTrade","p":"0.00000188","f":6676501},{"m":false,"E":1596829934136,"l":6676502,"M":true,"q":"55.00000000","s":"DOCKBTC","a":4152577,"T":1596829934135,"e":"aggTrade","p":"0.00000188","f":6676502},{"m":false,"E":1596829934312,"l":6676503,"M":true,"q":"55.00000000","s":"DOCKBTC","a":4152578,"T":1596829934310,"e":"aggTrade","p":"0.00000188","f":6676503},{"m":false,"E":1596829934460,"l":6676504,"M":true,"q":"55.00000000","s":"DOCKBTC","a":4152579,"T":1596829934459,"e":"aggTrade","p":"0.00000188","f":6676504},{"m":false,"E":1596829935210,"l":6676505,"M":true,"q":"266.00000000","s":"DOCKBTC","a":4152580,"T":1596829935209,"e":"aggTrade","p":"0.00000188","f":6676505},{"m":false,"E":1596829935411,"l":6676506,"M":true,"q":"55.00000000","s":"DOCKBTC","a":4152581,"T":1596829935410,"e":"aggTrade","p":"0.00000188","f":6676506},{"m":false,"E":1596829935665,"l":6676507,"M":true,"q":"55.00000000","s":"DOCKBTC","a":4152582,"T":1596829935663,"e":"aggTrade","p":"0.00000188","f":6676507},{"m":false,"E":1596829935950,"l":6676508,"M":true,"q":"55.00000000","s":"DOCKBTC","a":4152583,"T":1596829935949,"e":"aggTrade","p":"0.00000188","f":6676508},{"m":false,"E":1596829936340,"l":6676509,"M":true,"q":"55.00000000","s":"DOCKBTC","a":4152584,"T":1596829936339,"e":"aggTrade","p":"0.00000188","f":6676509},{"m":false,"E":1596829936632,"l":6676510,"M":true,"q":"55.00000000","s":"DOCKBTC","a":4152585,"T":1596829936631,"e":"aggTrade","p":"0.00000188","f":6676510},{"m":false,"E":1596829936675,"l":6676511,"M":true,"q":"55.00000000","s":"DOCKBTC","a":4152586,"T":1596829936674,"e":"aggTrade","p":"0.00000188","f":6676511},{"m":false,"E":1596829937647,"l":6676512,"M":true,"q":"55.00000000","s":"DOCKBTC","a":4152587,"T":1596829937646,"e":"aggTrade","p":"0.00000188","f":6676512},{"m":false,"E":1596829937710,"l":6676513,"M":true,"q":"267.00000000","s":"DOCKBTC","a":4152588,"T":1596829937709,"e":"aggTrade","p":"0.00000188","f":6676513},{"m":false,"E":1596829937855,"l":6676514,"M":true,"q":"55.00000000","s":"DOCKBTC","a":4152589,"T":1596829937854,"e":"aggTrade","p":"0.00000188","f":6676514},{"m":false,"E":1596829937930,"l":6676515,"M":true,"q":"55.00000000","s":"DOCKBTC","a":4152590,"T":1596829937928,"e":"aggTrade","p":"0.00000188","f":6676515},{"m":false,"E":1596829938116,"l":6676516,"M":true,"q":"55.00000000","s":"DOCKBTC","a":4152591,"T":1596829938115,"e":"aggTrade","p":"0.00000188","f":6676516},{"m":false,"E":1596829938574,"l":6676517,"M":true,"q":"55.00000000","s":"DOCKBTC","a":4152592,"T":1596829938573,"e":"aggTrade","p":"0.00000188","f":6676517},{"m":false,"E":1596829939031,"l":6676518,"M":true,"q":"55.00000000","s":"DOCKBTC","a":4152593,"T":1596829939030,"e":"aggTrade","p":"0.00000188","f":6676518},{"m":false,"E":1596829939068,"l":6676519,"M":true,"q":"55.00000000","s":"DOCKBTC","a":4152594,"T":1596829939067,"e":"aggTrade","p":"0.00000188","f":6676519},{"m":false,"E":1596829939387,"l":6676520,"M":true,"q":"55.00000000","s":"DOCKBTC","a":4152595,"T":1596829939386,"e":"aggTrade","p":"0.00000188","f":6676520},{"m":false,"E":1596829939554,"l":6676521,"M":true,"q":"55.00000000","s":"DOCKBTC","a":4152596,"T":1596829939553,"e":"aggTrade","p":"0.00000188","f":6676521},{"m":false,"E":1596829939922,"l":6676522,"M":true,"q":"55.00000000","s":"DOCKBTC","a":4152597,"T":1596829939921,"e":"aggTrade","p":"0.00000188","f":6676522},{"m":false,"E":1596829940108,"l":6676523,"M":true,"q":"55.00000000","s":"DOCKBTC","a":4152598,"T":1596829940106,"e":"aggTrade","p":"0.00000188","f":6676523},{"m":false,"E":1596829940456,"l":6676524,"M":true,"q":"55.00000000","s":"DOCKBTC","a":4152599,"T":1596829940455,"e":"aggTrade","p":"0.00000188","f":6676524},{"m":false,"E":1596829940538,"l":6676525,"M":true,"q":"55.00000000","s":"DOCKBTC","a":4152600,"T":1596829940537,"e":"aggTrade","p":"0.00000188","f":6676525},{"m":false,"E":1596829940751,"l":6676526,"M":true,"q":"55.00000000","s":"DOCKBTC","a":4152601,"T":1596829940750,"e":"aggTrade","p":"0.00000188","f":6676526},{"m":true,"E":1596829941560,"l":6676527,"M":true,"q":"3493.00000000","s":"DOCKBTC","a":4152602,"T":1596829941559,"e":"aggTrade","p":"0.00000187","f":6676527},{"m":false,"E":1596829942448,"l":6676528,"M":true,"q":"55.00000000","s":"DOCKBTC","a":4152603,"T":1596829942447,"e":"aggTrade","p":"0.00000188","f":6676528},{"m":false,"E":1596829942664,"l":6676529,"M":true,"q":"55.00000000","s":"DOCKBTC","a":4152604,"T":1596829942663,"e":"aggTrade","p":"0.00000188","f":6676529},{"m":false,"E":1596829943046,"l":6676530,"M":true,"q":"55.00000000","s":"DOCKBTC","a":4152605,"T":1596829943045,"e":"aggTrade","p":"0.00000188","f":6676530},{"m":false,"E":1596829943287,"l":6676531,"M":true,"q":"55.00000000","s":"DOCKBTC","a":4152606,"T":1596829943286,"e":"aggTrade","p":"0.00000188","f":6676531},{"m":false,"E":1596829943713,"l":6676532,"M":true,"q":"55.00000000","s":"DOCKBTC","a":4152607,"T":1596829943712,"e":"aggTrade","p":"0.00000188","f":6676532},{"m":false,"E":1596829943868,"l":6676533,"M":true,"q":"55.00000000","s":"DOCKBTC","a":4152608,"T":1596829943867,"e":"aggTrade","p":"0.00000188","f":6676533},{"m":false,"E":1596829945219,"l":6676534,"M":true,"q":"55.00000000","s":"DOCKBTC","a":4152609,"T":1596829945218,"e":"aggTrade","p":"0.00000188","f":6676534},{"m":false,"E":1596829945449,"l":6676535,"M":true,"q":"55.00000000","s":"DOCKBTC","a":4152610,"T":1596829945448,"e":"aggTrade","p":"0.00000188","f":6676535},{"m":false,"E":1596829946174,"l":6676536,"M":true,"q":"55.00000000","s":"DOCKBTC","a":4152611,"T":1596829946173,"e":"aggTrade","p":"0.00000188","f":6676536},{"m":true,"E":1596829946285,"l":6676537,"M":true,"q":"1111.00000000","s":"DOCKBTC","a":4152612,"T":1596829946284,"e":"aggTrade","p":"0.00000187","f":6676537},{"m":false,"E":1596829946775,"l":6676538,"M":true,"q":"55.00000000","s":"DOCKBTC","a":4152613,"T":1596829946773,"e":"aggTrade","p":"0.00000188","f":6676538},{"m":false,"E":1596829947070,"l":6676539,"M":true,"q":"55.00000000","s":"DOCKBTC","a":4152614,"T":1596829947069,"e":"aggTrade","p":"0.00000188","f":6676539},{"m":false,"E":1596829947303,"l":6676540,"M":true,"q":"55.00000000","s":"DOCKBTC","a":4152615,"T":1596829947302,"e":"aggTrade","p":"0.00000188","f":6676540},{"m":false,"E":1596829949173,"l":6676541,"M":true,"q":"55.00000000","s":"DOCKBTC","a":4152616,"T":1596829949171,"e":"aggTrade","p":"0.00000188","f":6676541},{"m":false,"E":1596829949346,"l":6676542,"M":true,"q":"55.00000000","s":"DOCKBTC","a":4152617,"T":1596829949345,"e":"aggTrade","p":"0.00000188","f":6676542},{"m":false,"E":1596829949354,"l":6676543,"M":true,"q":"55.00000000","s":"DOCKBTC","a":4152618,"T":1596829949353,"e":"aggTrade","p":"0.00000188","f":6676543},{"m":true,"E":1596829950332,"l":6676544,"M":true,"q":"76.00000000","s":"DOCKBTC","a":4152619,"T":1596829950330,"e":"aggTrade","p":"0.00000187","f":6676544},{"m":false,"E":1596829951327,"l":6676545,"M":true,"q":"55.00000000","s":"DOCKBTC","a":4152620,"T":1596829951326,"e":"aggTrade","p":"0.00000188","f":6676545},{"m":false,"E":1596829951555,"l":6676546,"M":true,"q":"55.00000000","s":"DOCKBTC","a":4152621,"T":1596829951554,"e":"aggTrade","p":"0.00000188","f":6676546},{"m":false,"E":1596829952022,"l":6676547,"M":true,"q":"55.00000000","s":"DOCKBTC","a":4152622,"T":1596829952020,"e":"aggTrade","p":"0.00000188","f":6676547},{"m":false,"E":1596829952108,"l":6676548,"M":true,"q":"55.00000000","s":"DOCKBTC","a":4152623,"T":1596829952107,"e":"aggTrade","p":"0.00000188","f":6676548},{"m":false,"E":1596829952387,"l":6676549,"M":true,"q":"55.00000000","s":"DOCKBTC","a":4152624,"T":1596829952386,"e":"aggTrade","p":"0.00000188","f":6676549},{"m":false,"E":1596829952609,"l":6676550,"M":true,"q":"55.00000000","s":"DOCKBTC","a":4152625,"T":1596829952608,"e":"aggTrade","p":"0.00000188","f":6676550},{"m":false,"E":1596829952922,"l":6676551,"M":true,"q":"55.00000000","s":"DOCKBTC","a":4152626,"T":1596829952921,"e":"aggTrade","p":"0.00000188","f":6676551},{"m":false,"E":1596829952969,"l":6676552,"M":true,"q":"1064.00000000","s":"DOCKBTC","a":4152627,"T":1596829952968,"e":"aggTrade","p":"0.00000188","f":6676552},{"m":false,"E":1596829953160,"l":6676553,"M":true,"q":"55.00000000","s":"DOCKBTC","a":4152628,"T":1596829953159,"e":"aggTrade","p":"0.00000188","f":6676553},{"m":false,"E":1596829953270,"l":6676554,"M":true,"q":"55.00000000","s":"DOCKBTC","a":4152629,"T":1596829953269,"e":"aggTrade","p":"0.00000188","f":6676554},{"m":true,"E":1596829953555,"l":6676555,"M":true,"q":"7329.00000000","s":"DOCKBTC","a":4152630,"T":1596829953554,"e":"aggTrade","p":"0.00000187","f":6676555},{"m":false,"E":1596829953929,"l":6676556,"M":true,"q":"55.00000000","s":"DOCKBTC","a":4152631,"T":1596829953928,"e":"aggTrade","p":"0.00000188","f":6676556},{"m":false,"E":1596829954658,"l":6676557,"M":true,"q":"55.00000000","s":"DOCKBTC","a":4152632,"T":1596829954657,"e":"aggTrade","p":"0.00000188","f":6676557},{"m":false,"E":1596829954743,"l":6676558,"M":true,"q":"55.00000000","s":"DOCKBTC","a":4152633,"T":1596829954742,"e":"aggTrade","p":"0.00000188","f":6676558},{"m":false,"E":1596829955483,"l":6676559,"M":true,"q":"55.00000000","s":"DOCKBTC","a":4152634,"T":1596829955481,"e":"aggTrade","p":"0.00000188","f":6676559},{"m":false,"E":1596829955761,"l":6676560,"M":true,"q":"55.00000000","s":"DOCKBTC","a":4152635,"T":1596829955760,"e":"aggTrade","p":"0.00000188","f":6676560},{"m":false,"E":1596829956039,"l":6676561,"M":true,"q":"55.00000000","s":"DOCKBTC","a":4152636,"T":1596829956037,"e":"aggTrade","p":"0.00000188","f":6676561},{"m":false,"E":1596829956194,"l":6676562,"M":true,"q":"55.00000000","s":"DOCKBTC","a":4152637,"T":1596829956192,"e":"aggTrade","p":"0.00000188","f":6676562},{"m":false,"E":1596829956485,"l":6676563,"M":true,"q":"55.00000000","s":"DOCKBTC","a":4152638,"T":1596829956484,"e":"aggTrade","p":"0.00000188","f":6676563},{"m":false,"E":1596829957064,"l":6676564,"M":true,"q":"55.00000000","s":"DOCKBTC","a":4152639,"T":1596829957062,"e":"aggTrade","p":"0.00000188","f":6676564},{"m":false,"E":1596829957282,"l":6676565,"M":true,"q":"55.00000000","s":"DOCKBTC","a":4152640,"T":1596829957281,"e":"aggTrade","p":"0.00000188","f":6676565},{"m":false,"E":1596829957670,"l":6676566,"M":true,"q":"55.00000000","s":"DOCKBTC","a":4152641,"T":1596829957668,"e":"aggTrade","p":"0.00000188","f":6676566},{"m":false,"E":1596829957943,"l":6676567,"M":true,"q":"55.00000000","s":"DOCKBTC","a":4152642,"T":1596829957942,"e":"aggTrade","p":"0.00000188","f":6676567},{"m":false,"E":1596829958285,"l":6676568,"M":true,"q":"55.00000000","s":"DOCKBTC","a":4152643,"T":1596829958284,"e":"aggTrade","p":"0.00000188","f":6676568},{"m":false,"E":1596829958576,"l":6676569,"M":true,"q":"55.00000000","s":"DOCKBTC","a":4152644,"T":1596829958575,"e":"aggTrade","p":"0.00000188","f":6676569},{"m":false,"E":1596829958715,"l":6676570,"M":true,"q":"55.00000000","s":"DOCKBTC","a":4152645,"T":1596829958714,"e":"aggTrade","p":"0.00000188","f":6676570},{"m":false,"E":1596829959019,"l":6676571,"M":true,"q":"55.00000000","s":"DOCKBTC","a":4152646,"T":1596829959018,"e":"aggTrade","p":"0.00000188","f":6676571},{"m":false,"E":1596829961118,"l":6676572,"M":true,"q":"55.00000000","s":"DOCKBTC","a":4152647,"T":1596829961117,"e":"aggTrade","p":"0.00000188","f":6676572},{"m":false,"E":1596829961321,"l":6676573,"M":true,"q":"55.00000000","s":"DOCKBTC","a":4152648,"T":1596829961320,"e":"aggTrade","p":"0.00000188","f":6676573},{"m":false,"E":1596829961616,"l":6676574,"M":true,"q":"55.00000000","s":"DOCKBTC","a":4152649,"T":1596829961615,"e":"aggTrade","p":"0.00000188","f":6676574},{"m":false,"E":1596829962223,"l":6676575,"M":true,"q":"55.00000000","s":"DOCKBTC","a":4152650,"T":1596829962222,"e":"aggTrade","p":"0.00000188","f":6676575},{"m":false,"E":1596829962631,"l":6676576,"M":true,"q":"55.00000000","s":"DOCKBTC","a":4152651,"T":1596829962630,"e":"aggTrade","p":"0.00000188","f":6676576},{"m":false,"E":1596829962881,"l":6676577,"M":true,"q":"55.00000000","s":"DOCKBTC","a":4152652,"T":1596829962880,"e":"aggTrade","p":"0.00000188","f":6676577},{"m":false,"E":1596829963168,"l":6676578,"M":true,"q":"55.00000000","s":"DOCKBTC","a":4152653,"T":1596829963167,"e":"aggTrade","p":"0.00000188","f":6676578},{"m":false,"E":1596829963398,"l":6676579,"M":true,"q":"55.00000000","s":"DOCKBTC","a":4152654,"T":1596829963397,"e":"aggTrade","p":"0.00000188","f":6676579},{"m":false,"E":1596829964294,"l":6676580,"M":true,"q":"55.00000000","s":"DOCKBTC","a":4152655,"T":1596829964293,"e":"aggTrade","p":"0.00000188","f":6676580},{"m":false,"E":1596829964537,"l":6676581,"M":true,"q":"55.00000000","s":"DOCKBTC","a":4152656,"T":1596829964536,"e":"aggTrade","p":"0.00000188","f":6676581},{"m":false,"E":1596829965265,"l":6676582,"M":true,"q":"55.00000000","s":"DOCKBTC","a":4152657,"T":1596829965263,"e":"aggTrade","p":"0.00000188","f":6676582},{"m":false,"E":1596829966784,"l":6676583,"M":true,"q":"55.00000000","s":"DOCKBTC","a":4152658,"T":1596829966783,"e":"aggTrade","p":"0.00000188","f":6676583},{"m":false,"E":1596829967015,"l":6676584,"M":true,"q":"55.00000000","s":"DOCKBTC","a":4152659,"T":1596829967014,"e":"aggTrade","p":"0.00000188","f":6676584},{"m":false,"E":1596829967178,"l":6676585,"M":true,"q":"55.00000000","s":"DOCKBTC","a":4152660,"T":1596829967177,"e":"aggTrade","p":"0.00000188","f":6676585},{"m":false,"E":1596829967967,"l":6676586,"M":true,"q":"55.00000000","s":"DOCKBTC","a":4152661,"T":1596829967966,"e":"aggTrade","p":"0.00000188","f":6676586},{"m":false,"E":1596829968214,"l":6676587,"M":true,"q":"55.00000000","s":"DOCKBTC","a":4152662,"T":1596829968213,"e":"aggTrade","p":"0.00000188","f":6676587},{"m":false,"E":1596829968775,"l":6676588,"M":true,"q":"55.00000000","s":"DOCKBTC","a":4152663,"T":1596829968774,"e":"aggTrade","p":"0.00000188","f":6676588},{"m":false,"E":1596829968872,"l":6676589,"M":true,"q":"55.00000000","s":"DOCKBTC","a":4152664,"T":1596829968871,"e":"aggTrade","p":"0.00000188","f":6676589},{"m":false,"E":1596829969390,"l":6676590,"M":true,"q":"55.00000000","s":"DOCKBTC","a":4152665,"T":1596829969389,"e":"aggTrade","p":"0.00000188","f":6676590},{"m":false,"E":1596829969571,"l":6676591,"M":true,"q":"55.00000000","s":"DOCKBTC","a":4152666,"T":1596829969570,"e":"aggTrade","p":"0.00000188","f":6676591},{"m":false,"E":1596829970319,"l":6676592,"M":true,"q":"55.00000000","s":"DOCKBTC","a":4152667,"T":1596829970317,"e":"aggTrade","p":"0.00000188","f":6676592},{"m":false,"E":1596829970583,"l":6676593,"M":true,"q":"55.00000000","s":"DOCKBTC","a":4152668,"T":1596829970582,"e":"aggTrade","p":"0.00000188","f":6676593},{"m":false,"E":1596829970863,"l":6676594,"M":true,"q":"55.00000000","s":"DOCKBTC","a":4152669,"T":1596829970862,"e":"aggTrade","p":"0.00000188","f":6676594},{"m":false,"E":1596829972554,"l":6676595,"M":true,"q":"55.00000000","s":"DOCKBTC","a":4152670,"T":1596829972553,"e":"aggTrade","p":"0.00000188","f":6676595},{"m":false,"E":1596829972753,"l":6676596,"M":true,"q":"55.00000000","s":"DOCKBTC","a":4152671,"T":1596829972751,"e":"aggTrade","p":"0.00000188","f":6676596},{"m":false,"E":1596829973003,"l":6676597,"M":true,"q":"55.00000000","s":"DOCKBTC","a":4152672,"T":1596829973002,"e":"aggTrade","p":"0.00000188","f":6676597},{"m":false,"E":1596829973506,"l":6676598,"M":true,"q":"55.00000000","s":"DOCKBTC","a":4152673,"T":1596829973504,"e":"aggTrade","p":"0.00000188","f":6676598},{"m":false,"E":1596829973680,"l":6676599,"M":true,"q":"55.00000000","s":"DOCKBTC","a":4152674,"T":1596829973679,"e":"aggTrade","p":"0.00000188","f":6676599},{"m":false,"E":1596829973711,"l":6676600,"M":true,"q":"55.00000000","s":"DOCKBTC","a":4152675,"T":1596829973709,"e":"aggTrade","p":"0.00000188","f":6676600},{"m":true,"E":1596829974321,"l":6676601,"M":true,"q":"109.00000000","s":"DOCKBTC","a":4152676,"T":1596829974320,"e":"aggTrade","p":"0.00000187","f":6676601},{"m":false,"E":1596829977344,"l":6676602,"M":true,"q":"9800.00000000","s":"DOCKBTC","a":4152677,"T":1596829977343,"e":"aggTrade","p":"0.00000188","f":6676602},{"m":true,"E":1596829986177,"l":6676604,"M":true,"q":"11111.00000000","s":"DOCKBTC","a":4152678,"T":1596829986176,"e":"aggTrade","p":"0.00000187","f":6676603},{"m":false,"E":1596829990251,"l":6676605,"M":true,"q":"55.00000000","s":"DOCKBTC","a":4152679,"T":1596829990250,"e":"aggTrade","p":"0.00000188","f":6676605},{"m":false,"E":1596829990568,"l":6676606,"M":true,"q":"55.00000000","s":"DOCKBTC","a":4152680,"T":1596829990567,"e":"aggTrade","p":"0.00000188","f":6676606},{"m":false,"E":1596829990830,"l":6676607,"M":true,"q":"55.00000000","s":"DOCKBTC","a":4152681,"T":1596829990829,"e":"aggTrade","p":"0.00000188","f":6676607},{"m":false,"E":1596829991359,"l":6676608,"M":true,"q":"55.00000000","s":"DOCKBTC","a":4152682,"T":1596829991357,"e":"aggTrade","p":"0.00000188","f":6676608},{"m":false,"E":1596829991479,"l":6676609,"M":true,"q":"55.00000000","s":"DOCKBTC","a":4152683,"T":1596829991478,"e":"aggTrade","p":"0.00000188","f":6676609},{"m":false,"E":1596829991663,"l":6676610,"M":true,"q":"55.00000000","s":"DOCKBTC","a":4152684,"T":1596829991662,"e":"aggTrade","p":"0.00000188","f":6676610},{"m":false,"E":1596829992251,"l":6676611,"M":true,"q":"55.00000000","s":"DOCKBTC","a":4152685,"T":1596829992250,"e":"aggTrade","p":"0.00000188","f":6676611},{"m":false,"E":1596829992479,"l":6676612,"M":true,"q":"55.00000000","s":"DOCKBTC","a":4152686,"T":1596829992478,"e":"aggTrade","p":"0.00000188","f":6676612},{"m":false,"E":1596829993277,"l":6676613,"M":true,"q":"55.00000000","s":"DOCKBTC","a":4152687,"T":1596829993276,"e":"aggTrade","p":"0.00000188","f":6676613},{"m":false,"E":1596829993911,"l":6676614,"M":true,"q":"55.00000000","s":"DOCKBTC","a":4152688,"T":1596829993910,"e":"aggTrade","p":"0.00000188","f":6676614},{"m":false,"E":1596829994145,"l":6676615,"M":true,"q":"55.00000000","s":"DOCKBTC","a":4152689,"T":1596829994144,"e":"aggTrade","p":"0.00000188","f":6676615},{"m":false,"E":1596829994210,"l":6676616,"M":true,"q":"55.00000000","s":"DOCKBTC","a":4152690,"T":1596829994208,"e":"aggTrade","p":"0.00000188","f":6676616},{"m":false,"E":1596829994364,"l":6676617,"M":true,"q":"55.00000000","s":"DOCKBTC","a":4152691,"T":1596829994363,"e":"aggTrade","p":"0.00000188","f":6676617},{"m":false,"E":1596829994488,"l":6676618,"M":true,"q":"55.00000000","s":"DOCKBTC","a":4152692,"T":1596829994487,"e":"aggTrade","p":"0.00000188","f":6676618},{"m":false,"E":1596829994558,"l":6676619,"M":true,"q":"55.00000000","s":"DOCKBTC","a":4152693,"T":1596829994557,"e":"aggTrade","p":"0.00000188","f":6676619},{"m":false,"E":1596829994919,"l":6676620,"M":true,"q":"55.00000000","s":"DOCKBTC","a":4152694,"T":1596829994918,"e":"aggTrade","p":"0.00000188","f":6676620},{"m":false,"E":1596829995198,"l":6676621,"M":true,"q":"55.00000000","s":"DOCKBTC","a":4152695,"T":1596829995197,"e":"aggTrade","p":"0.00000188","f":6676621},{"m":false,"E":1596829995292,"l":6676622,"M":true,"q":"55.00000000","s":"DOCKBTC","a":4152696,"T":1596829995291,"e":"aggTrade","p":"0.00000188","f":6676622},{"m":true,"E":1596829995394,"l":6676623,"M":true,"q":"858.00000000","s":"DOCKBTC","a":4152697,"T":1596829995393,"e":"aggTrade","p":"0.00000187","f":6676623},{"m":false,"E":1596829996260,"l":6676624,"M":true,"q":"55.00000000","s":"DOCKBTC","a":4152698,"T":1596829996259,"e":"aggTrade","p":"0.00000188","f":6676624},{"m":false,"E":1596829996859,"l":6676625,"M":true,"q":"55.00000000","s":"DOCKBTC","a":4152699,"T":1596829996858,"e":"aggTrade","p":"0.00000188","f":6676625},{"m":false,"E":1596829997461,"l":6676626,"M":true,"q":"55.00000000","s":"DOCKBTC","a":4152700,"T":1596829997460,"e":"aggTrade","p":"0.00000188","f":6676626},{"m":false,"E":1596829997644,"l":6676627,"M":true,"q":"55.00000000","s":"DOCKBTC","a":4152701,"T":1596829997643,"e":"aggTrade","p":"0.00000188","f":6676627},{"m":false,"E":1596829997810,"l":6676628,"M":true,"q":"55.00000000","s":"DOCKBTC","a":4152702,"T":1596829997809,"e":"aggTrade","p":"0.00000188","f":6676628},{"m":false,"E":1596829998603,"l":6676629,"M":true,"q":"55.00000000","s":"DOCKBTC","a":4152703,"T":1596829998601,"e":"aggTrade","p":"0.00000188","f":6676629},{"m":false,"E":1596829998693,"l":6676630,"M":true,"q":"55.00000000","s":"DOCKBTC","a":4152704,"T":1596829998692,"e":"aggTrade","p":"0.00000188","f":6676630},{"m":false,"E":1596829999007,"l":6676631,"M":true,"q":"55.00000000","s":"DOCKBTC","a":4152705,"T":1596829999007,"e":"aggTrade","p":"0.00000188","f":6676631},{"m":false,"E":1596829999135,"l":6676632,"M":true,"q":"55.00000000","s":"DOCKBTC","a":4152706,"T":1596829999134,"e":"aggTrade","p":"0.00000188","f":6676632},{"m":false,"E":1596830000278,"l":6676633,"M":true,"q":"55.00000000","s":"DOCKBTC","a":4152707,"T":1596830000277,"e":"aggTrade","p":"0.00000188","f":6676633},{"m":false,"E":1596830000486,"l":6676634,"M":true,"q":"55.00000000","s":"DOCKBTC","a":4152708,"T":1596830000485,"e":"aggTrade","p":"0.00000188","f":6676634},{"m":false,"E":1596830001016,"l":6676635,"M":true,"q":"55.00000000","s":"DOCKBTC","a":4152709,"T":1596830001015,"e":"aggTrade","p":"0.00000188","f":6676635},{"m":false,"E":1596830001950,"l":6676636,"M":true,"q":"55.00000000","s":"DOCKBTC","a":4152710,"T":1596830001949,"e":"aggTrade","p":"0.00000188","f":6676636},{"m":false,"E":1596830002154,"l":6676637,"M":true,"q":"55.00000000","s":"DOCKBTC","a":4152711,"T":1596830002153,"e":"aggTrade","p":"0.00000188","f":6676637},{"m":false,"E":1596830002298,"l":6676638,"M":true,"q":"55.00000000","s":"DOCKBTC","a":4152712,"T":1596830002297,"e":"aggTrade","p":"0.00000188","f":6676638},{"m":false,"E":1596830002471,"l":6676639,"M":true,"q":"55.00000000","s":"DOCKBTC","a":4152713,"T":1596830002470,"e":"aggTrade","p":"0.00000188","f":6676639},{"m":false,"E":1596830002673,"l":6676640,"M":true,"q":"55.00000000","s":"DOCKBTC","a":4152714,"T":1596830002671,"e":"aggTrade","p":"0.00000188","f":6676640},{"m":false,"E":1596830002955,"l":6676641,"M":true,"q":"55.00000000","s":"DOCKBTC","a":4152715,"T":1596830002953,"e":"aggTrade","p":"0.00000188","f":6676641},{"m":false,"E":1596830003229,"l":6676642,"M":true,"q":"55.00000000","s":"DOCKBTC","a":4152716,"T":1596830003227,"e":"aggTrade","p":"0.00000188","f":6676642},{"m":false,"E":1596830003666,"l":6676643,"M":true,"q":"55.00000000","s":"DOCKBTC","a":4152717,"T":1596830003665,"e":"aggTrade","p":"0.00000188","f":6676643},{"m":false,"E":1596830003879,"l":6676644,"M":true,"q":"55.00000000","s":"DOCKBTC","a":4152718,"T":1596830003878,"e":"aggTrade","p":"0.00000188","f":6676644},{"m":false,"E":1596830004349,"l":6676646,"M":true,"q":"55.00000000","s":"DOCKBTC","a":4152719,"T":1596830004348,"e":"aggTrade","p":"0.00000188","f":6676645},{"m":false,"E":1596830004567,"l":6676647,"M":true,"q":"55.00000000","s":"DOCKBTC","a":4152720,"T":1596830004566,"e":"aggTrade","p":"0.00000188","f":6676647},{"m":false,"E":1596830005092,"l":6676648,"M":true,"q":"55.00000000","s":"DOCKBTC","a":4152721,"T":1596830005090,"e":"aggTrade","p":"0.00000188","f":6676648},{"m":false,"E":1596830005303,"l":6676649,"M":true,"q":"55.00000000","s":"DOCKBTC","a":4152722,"T":1596830005302,"e":"aggTrade","p":"0.00000188","f":6676649},{"m":false,"E":1596830005485,"l":6676650,"M":true,"q":"55.00000000","s":"DOCKBTC","a":4152723,"T":1596830005484,"e":"aggTrade","p":"0.00000188","f":6676650},{"m":false,"E":1596830005698,"l":6676651,"M":true,"q":"55.00000000","s":"DOCKBTC","a":4152724,"T":1596830005697,"e":"aggTrade","p":"0.00000188","f":6676651},{"m":false,"E":1596830006376,"l":6676652,"M":true,"q":"55.00000000","s":"DOCKBTC","a":4152725,"T":1596830006375,"e":"aggTrade","p":"0.00000188","f":6676652},{"m":false,"E":1596830006420,"l":6676653,"M":true,"q":"55.00000000","s":"DOCKBTC","a":4152726,"T":1596830006419,"e":"aggTrade","p":"0.00000188","f":6676653},{"m":false,"E":1596830006564,"l":6676654,"M":true,"q":"55.00000000","s":"DOCKBTC","a":4152727,"T":1596830006563,"e":"aggTrade","p":"0.00000188","f":6676654},{"m":false,"E":1596830006750,"l":6676655,"M":true,"q":"55.00000000","s":"DOCKBTC","a":4152728,"T":1596830006749,"e":"aggTrade","p":"0.00000188","f":6676655},{"m":false,"E":1596830006936,"l":6676656,"M":true,"q":"55.00000000","s":"DOCKBTC","a":4152729,"T":1596830006934,"e":"aggTrade","p":"0.00000188","f":6676656},{"m":false,"E":1596830007181,"l":6676657,"M":true,"q":"55.00000000","s":"DOCKBTC","a":4152730,"T":1596830007180,"e":"aggTrade","p":"0.00000188","f":6676657},{"m":false,"E":1596830007286,"l":6676658,"M":true,"q":"55.00000000","s":"DOCKBTC","a":4152731,"T":1596830007285,"e":"aggTrade","p":"0.00000188","f":6676658},{"m":false,"E":1596830007508,"l":6676659,"M":true,"q":"55.00000000","s":"DOCKBTC","a":4152732,"T":1596830007507,"e":"aggTrade","p":"0.00000188","f":6676659},{"m":false,"E":1596830007680,"l":6676660,"M":true,"q":"55.00000000","s":"DOCKBTC","a":4152733,"T":1596830007679,"e":"aggTrade","p":"0.00000188","f":6676660},{"m":false,"E":1596830007856,"l":6676661,"M":true,"q":"55.00000000","s":"DOCKBTC","a":4152734,"T":1596830007854,"e":"aggTrade","p":"0.00000188","f":6676661},{"m":false,"E":1596830008240,"l":6676662,"M":true,"q":"55.00000000","s":"DOCKBTC","a":4152735,"T":1596830008239,"e":"aggTrade","p":"0.00000188","f":6676662},{"m":false,"E":1596830008258,"l":6676663,"M":true,"q":"55.00000000","s":"DOCKBTC","a":4152736,"T":1596830008257,"e":"aggTrade","p":"0.00000188","f":6676663},{"m":false,"E":1596830008659,"l":6676664,"M":true,"q":"55.00000000","s":"DOCKBTC","a":4152737,"T":1596830008658,"e":"aggTrade","p":"0.00000188","f":6676664},{"m":false,"E":1596830008974,"l":6676665,"M":true,"q":"55.00000000","s":"DOCKBTC","a":4152738,"T":1596830008972,"e":"aggTrade","p":"0.00000188","f":6676665},{"m":false,"E":1596830009005,"l":6676666,"M":true,"q":"55.00000000","s":"DOCKBTC","a":4152739,"T":1596830009004,"e":"aggTrade","p":"0.00000188","f":6676666},{"m":false,"E":1596830009265,"l":6676667,"M":true,"q":"55.00000000","s":"DOCKBTC","a":4152740,"T":1596830009264,"e":"aggTrade","p":"0.00000188","f":6676667},{"m":false,"E":1596830009410,"l":6676668,"M":true,"q":"55.00000000","s":"DOCKBTC","a":4152741,"T":1596830009409,"e":"aggTrade","p":"0.00000188","f":6676668},{"m":false,"E":1596830009707,"l":6676669,"M":true,"q":"55.00000000","s":"DOCKBTC","a":4152742,"T":1596830009706,"e":"aggTrade","p":"0.00000188","f":6676669}],[{"m":true,"E":1596831294267,"l":6677603,"M":true,"q":"402924.00000000","s":"DOCKBTC","a":4153470,"T":1596831294264,"e":"aggTrade","p":"0.00000183","f":6677584},{"m":false,"E":1596831294358,"l":6677604,"M":true,"q":"2000.00000000","s":"DOCKBTC","a":4153471,"T":1596831294357,"e":"aggTrade","p":"0.00000183","f":6677604},{"m":true,"E":1596831294945,"l":6677605,"M":true,"q":"3896.00000000","s":"DOCKBTC","a":4153472,"T":1596831294944,"e":"aggTrade","p":"0.00000182","f":6677605},{"m":true,"E":1596831308745,"l":6677629,"M":true,"q":"500000.00000000","s":"DOCKBTC","a":4153473,"T":1596831308742,"e":"aggTrade","p":"0.00000182","f":6677606},{"m":true,"E":1596831308769,"l":6677630,"M":true,"q":"15382.00000000","s":"DOCKBTC","a":4153474,"T":1596831308768,"e":"aggTrade","p":"0.00000182","f":6677630},{"m":true,"E":1596831308778,"l":6677632,"M":true,"q":"2383.00000000","s":"DOCKBTC","a":4153475,"T":1596831308777,"e":"aggTrade","p":"0.00000182","f":6677631},{"m":true,"E":1596831308791,"l":6677633,"M":true,"q":"19230.00000000","s":"DOCKBTC","a":4153476,"T":1596831308790,"e":"aggTrade","p":"0.00000182","f":6677633},{"m":true,"E":1596831308794,"l":6677634,"M":true,"q":"11986.00000000","s":"DOCKBTC","a":4153477,"T":1596831308793,"e":"aggTrade","p":"0.00000182","f":6677634},{"m":true,"E":1596831308859,"l":6677663,"M":true,"q":"254000.00000000","s":"DOCKBTC","a":4153478,"T":1596831308856,"e":"aggTrade","p":"0.00000181","f":6677635},{"m":true,"E":1596831308930,"l":6677668,"M":true,"q":"40336.00000000","s":"DOCKBTC","a":4153479,"T":1596831308928,"e":"aggTrade","p":"0.00000181","f":6677664},{"m":false,"E":1596831309768,"l":6677671,"M":true,"q":"35270.00000000","s":"DOCKBTC","a":4153480,"T":1596831309767,"e":"aggTrade","p":"0.00000182","f":6677669},{"m":false,"E":1596831309839,"l":6677672,"M":true,"q":"2155.00000000","s":"DOCKBTC","a":4153481,"T":1596831309838,"e":"aggTrade","p":"0.00000182","f":6677672},{"m":true,"E":1596831312798,"l":6677674,"M":true,"q":"15382.00000000","s":"DOCKBTC","a":4153482,"T":1596831312796,"e":"aggTrade","p":"0.00000181","f":6677673},{"m":true,"E":1596831315757,"l":6677675,"M":true,"q":"541.00000000","s":"DOCKBTC","a":4153483,"T":1596831315756,"e":"aggTrade","p":"0.00000181","f":6677675},{"m":true,"E":1596831316562,"l":6677676,"M":true,"q":"6494.00000000","s":"DOCKBTC","a":4153484,"T":1596831316561,"e":"aggTrade","p":"0.00000181","f":6677676},{"m":false,"E":1596831316630,"l":6677677,"M":true,"q":"3377.00000000","s":"DOCKBTC","a":4153485,"T":1596831316629,"e":"aggTrade","p":"0.00000181","f":6677677},{"m":true,"E":1596831328385,"l":6677681,"M":true,"q":"11956.00000000","s":"DOCKBTC","a":4153486,"T":1596831328383,"e":"aggTrade","p":"0.00000181","f":6677678},{"m":false,"E":1596831339551,"l":6677682,"M":true,"q":"1015.00000000","s":"DOCKBTC","a":4153487,"T":1596831339550,"e":"aggTrade","p":"0.00000181","f":6677682},{"m":false,"E":1596831341364,"l":6677683,"M":true,"q":"3964.00000000","s":"DOCKBTC","a":4153488,"T":1596831341363,"e":"aggTrade","p":"0.00000181","f":6677683},{"m":false,"E":1596831343197,"l":6677684,"M":true,"q":"1078.00000000","s":"DOCKBTC","a":4153489,"T":1596831343196,"e":"aggTrade","p":"0.00000181","f":6677684},{"m":false,"E":1596831343939,"l":6677685,"M":true,"q":"975.00000000","s":"DOCKBTC","a":4153490,"T":1596831343938,"e":"aggTrade","p":"0.00000181","f":6677685},{"m":false,"E":1596831346180,"l":6677687,"M":true,"q":"4207.00000000","s":"DOCKBTC","a":4153491,"T":1596831346179,"e":"aggTrade","p":"0.00000181","f":6677686},{"m":false,"E":1596831350137,"l":6677688,"M":true,"q":"85.00000000","s":"DOCKBTC","a":4153492,"T":1596831350136,"e":"aggTrade","p":"0.00000182","f":6677688},{"m":false,"E":1596831352351,"l":6677689,"M":true,"q":"1091.00000000","s":"DOCKBTC","a":4153493,"T":1596831352350,"e":"aggTrade","p":"0.00000182","f":6677689},{"m":false,"E":1596831376543,"l":6677690,"M":true,"q":"1078.00000000","s":"DOCKBTC","a":4153494,"T":1596831376542,"e":"aggTrade","p":"0.00000182","f":6677690},{"m":false,"E":1596831378377,"l":6677691,"M":true,"q":"110.00000000","s":"DOCKBTC","a":4153495,"T":1596831378375,"e":"aggTrade","p":"0.00000182","f":6677691},{"m":false,"E":1596831378471,"l":6677692,"M":true,"q":"1680.00000000","s":"DOCKBTC","a":4153496,"T":1596831378470,"e":"aggTrade","p":"0.00000182","f":6677692}],[{"m":true,"E":1596844801615,"l":6681601,"M":true,"q":"874.00000000","s":"DOCKBTC","a":4155887,"T":1596844801614,"e":"aggTrade","p":"0.00000197","f":6681601},{"m":false,"E":1596844804111,"l":6681602,"M":true,"q":"102.00000000","s":"DOCKBTC","a":4155888,"T":1596844804109,"e":"aggTrade","p":"0.00000197","f":6681602},{"m":false,"E":1596844805217,"l":6681603,"M":true,"q":"151.00000000","s":"DOCKBTC","a":4155889,"T":1596844805216,"e":"aggTrade","p":"0.00000197","f":6681603},{"m":true,"E":1596844807006,"l":6681604,"M":true,"q":"1025.00000000","s":"DOCKBTC","a":4155890,"T":1596844807005,"e":"aggTrade","p":"0.00000196","f":6681604},{"m":false,"E":1596844828578,"l":6681605,"M":true,"q":"253.00000000","s":"DOCKBTC","a":4155891,"T":1596844828577,"e":"aggTrade","p":"0.00000198","f":6681605},{"m":false,"E":1596844836271,"l":6681606,"M":true,"q":"1010.00000000","s":"DOCKBTC","a":4155892,"T":1596844836270,"e":"aggTrade","p":"0.00000198","f":6681606},{"m":true,"E":1596844838856,"l":6681607,"M":true,"q":"103.00000000","s":"DOCKBTC","a":4155893,"T":1596844838855,"e":"aggTrade","p":"0.00000197","f":6681607},{"m":false,"E":1596844848129,"l":6681627,"M":true,"q":"180511.00000000","s":"DOCKBTC","a":4155894,"T":1596844848126,"e":"aggTrade","p":"0.00000198","f":6681608},{"m":true,"E":1596844851484,"l":6681628,"M":true,"q":"103.00000000","s":"DOCKBTC","a":4155895,"T":1596844851483,"e":"aggTrade","p":"0.00000197","f":6681628},{"m":false,"E":1596844852883,"l":6681631,"M":true,"q":"506.00000000","s":"DOCKBTC","a":4155896,"T":1596844852882,"e":"aggTrade","p":"0.00000198","f":6681629},{"m":false,"E":1596844861099,"l":6681633,"M":true,"q":"6181.00000000","s":"DOCKBTC","a":4155897,"T":1596844861098,"e":"aggTrade","p":"0.00000198","f":6681632},{"m":true,"E":1596844861110,"l":6681634,"M":true,"q":"11183.00000000","s":"DOCKBTC","a":4155898,"T":1596844861109,"e":"aggTrade","p":"0.00000198","f":6681634},{"m":true,"E":1596844861162,"l":6681635,"M":true,"q":"7976.00000000","s":"DOCKBTC","a":4155899,"T":1596844861161,"e":"aggTrade","p":"0.00000198","f":6681635},{"m":true,"E":1596844861221,"l":6681636,"M":true,"q":"2000.00000000","s":"DOCKBTC","a":4155900,"T":1596844861220,"e":"aggTrade","p":"0.00000198","f":6681636},{"m":true,"E":1596844863241,"l":6681637,"M":true,"q":"13501.00000000","s":"DOCKBTC","a":4155901,"T":1596844863240,"e":"aggTrade","p":"0.00000198","f":6681637},{"m":true,"E":1596844864240,"l":6681638,"M":true,"q":"5097.00000000","s":"DOCKBTC","a":4155902,"T":1596844864239,"e":"aggTrade","p":"0.00000197","f":6681638},{"m":true,"E":1596844865172,"l":6681639,"M":true,"q":"5123.00000000","s":"DOCKBTC","a":4155903,"T":1596844865171,"e":"aggTrade","p":"0.00000197","f":6681639},{"m":true,"E":1596844865188,"l":6681641,"M":true,"q":"5123.00000000","s":"DOCKBTC","a":4155904,"T":1596844865187,"e":"aggTrade","p":"0.00000197","f":6681640},{"m":true,"E":1596844865199,"l":6681642,"M":true,"q":"103.00000000","s":"DOCKBTC","a":4155905,"T":1596844865198,"e":"aggTrade","p":"0.00000197","f":6681642},{"m":true,"E":1596844865201,"l":6681643,"M":true,"q":"1031.00000000","s":"DOCKBTC","a":4155906,"T":1596844865200,"e":"aggTrade","p":"0.00000197","f":6681643},{"m":true,"E":1596844865242,"l":6681644,"M":true,"q":"103.00000000","s":"DOCKBTC","a":4155907,"T":1596844865240,"e":"aggTrade","p":"0.00000197","f":6681644},{"m":true,"E":1596844865568,"l":6681645,"M":true,"q":"103.00000000","s":"DOCKBTC","a":4155908,"T":1596844865567,"e":"aggTrade","p":"0.00000197","f":6681645},{"m":true,"E":1596844865705,"l":6681646,"M":true,"q":"208.00000000","s":"DOCKBTC","a":4155909,"T":1596844865703,"e":"aggTrade","p":"0.00000197","f":6681646},{"m":true,"E":1596844865716,"l":6681647,"M":true,"q":"1537.00000000","s":"DOCKBTC","a":4155910,"T":1596844865715,"e":"aggTrade","p":"0.00000197","f":6681647},{"m":false,"E":1596844866433,"l":6681648,"M":true,"q":"449.00000000","s":"DOCKBTC","a":4155911,"T":1596844866432,"e":"aggTrade","p":"0.00000198","f":6681648},{"m":false,"E":1596844871144,"l":6681649,"M":true,"q":"101.00000000","s":"DOCKBTC","a":4155912,"T":1596844871143,"e":"aggTrade","p":"0.00000198","f":6681649},{"m":false,"E":1596844871689,"l":6681650,"M":true,"q":"85548.00000000","s":"DOCKBTC","a":4155913,"T":1596844871688,"e":"aggTrade","p":"0.00000198","f":6681650},{"m":false,"E":1596844871750,"l":6681651,"M":true,"q":"7764.00000000","s":"DOCKBTC","a":4155914,"T":1596844871749,"e":"aggTrade","p":"0.00000198","f":6681651},{"m":true,"E":1596844879879,"l":6681652,"M":true,"q":"8257.00000000","s":"DOCKBTC","a":4155915,"T":1596844879878,"e":"aggTrade","p":"0.00000197","f":6681652},{"m":false,"E":1596844882941,"l":6681653,"M":true,"q":"9000.00000000","s":"DOCKBTC","a":4155916,"T":1596844882940,"e":"aggTrade","p":"0.00000198","f":6681653},{"m":true,"E":1596844887818,"l":6681668,"M":true,"q":"1121189.00000000","s":"DOCKBTC","a":4155917,"T":1596844887816,"e":"aggTrade","p":"0.00000197","f":6681654},{"m":true,"E":1596844891775,"l":6681670,"M":true,"q":"195086.00000000","s":"DOCKBTC","a":4155918,"T":1596844891774,"e":"aggTrade","p":"0.00000197","f":6681669},{"m":false,"E":1596844899428,"l":6681671,"M":true,"q":"1667.00000000","s":"DOCKBTC","a":4155919,"T":1596844899427,"e":"aggTrade","p":"0.00000198","f":6681671},{"m":false,"E":1596844899442,"l":6681672,"M":true,"q":"69532.00000000","s":"DOCKBTC","a":4155920,"T":1596844899441,"e":"aggTrade","p":"0.00000198","f":6681672},{"m":true,"E":1596844900920,"l":6681673,"M":true,"q":"3373.00000000","s":"DOCKBTC","a":4155921,"T":1596844900920,"e":"aggTrade","p":"0.00000197","f":6681673},{"m":false,"E":1596844907051,"l":6681674,"M":true,"q":"26194.00000000","s":"DOCKBTC","a":4155922,"T":1596844907050,"e":"aggTrade","p":"0.00000198","f":6681674},{"m":false,"E":1596844907067,"l":6681675,"M":true,"q":"63399.00000000","s":"DOCKBTC","a":4155923,"T":1596844907066,"e":"aggTrade","p":"0.00000198","f":6681675},{"m":false,"E":1596844907158,"l":6681676,"M":true,"q":"23224.00000000","s":"DOCKBTC","a":4155924,"T":1596844907157,"e":"aggTrade","p":"0.00000198","f":6681676},{"m":false,"E":1596844908111,"l":6681677,"M":true,"q":"16098.00000000","s":"DOCKBTC","a":4155925,"T":1596844908109,"e":"aggTrade","p":"0.00000198","f":6681677}],[{"m":false,"E":1596853324741,"l":6684301,"M":true,"q":"120.00000000","s":"DOCKBTC","a":4157426,"T":1596853324740,"e":"aggTrade","p":"0.00000184","f":6684301},{"m":false,"E":1596853324817,"l":6684302,"M":true,"q":"120.00000000","s":"DOCKBTC","a":4157427,"T":1596853324816,"e":"aggTrade","p":"0.00000184","f":6684302},{"m":true,"E":1596853329232,"l":6684319,"M":true,"q":"504753.00000000","s":"DOCKBTC","a":4157428,"T":1596853329228,"e":"aggTrade","p":"0.00000183","f":6684303},{"m":false,"E":1596853329239,"l":6684320,"M":true,"q":"913.00000000","s":"DOCKBTC","a":4157429,"T":1596853329238,"e":"aggTrade","p":"0.00000183","f":6684320},{"m":false,"E":1596853329283,"l":6684321,"M":true,"q":"916.00000000","s":"DOCKBTC","a":4157430,"T":1596853329282,"e":"aggTrade","p":"0.00000183","f":6684321},{"m":false,"E":1596853329305,"l":6684322,"M":true,"q":"2000.00000000","s":"DOCKBTC","a":4157431,"T":1596853329304,"e":"aggTrade","p":"0.00000183","f":6684322},{"m":false,"E":1596853329670,"l":6684323,"M":true,"q":"2822.00000000","s":"DOCKBTC","a":4157432,"T":1596853329669,"e":"aggTrade","p":"0.00000183","f":6684323},{"m":false,"E":1596853329856,"l":6684324,"M":true,"q":"148.00000000","s":"DOCKBTC","a":4157433,"T":1596853329855,"e":"aggTrade","p":"0.00000183","f":6684324},{"m":false,"E":1596853329903,"l":6684325,"M":true,"q":"2000.00000000","s":"DOCKBTC","a":4157434,"T":1596853329902,"e":"aggTrade","p":"0.00000183","f":6684325},{"m":false,"E":1596853330510,"l":6684326,"M":true,"q":"1411.00000000","s":"DOCKBTC","a":4157435,"T":1596853330508,"e":"aggTrade","p":"0.00000183","f":6684326},{"m":false,"E":1596853333619,"l":6684327,"M":true,"q":"8765.00000000","s":"DOCKBTC","a":4157436,"T":1596853333618,"e":"aggTrade","p":"0.00000183","f":6684327},{"m":false,"E":1596853388006,"l":6684328,"M":true,"q":"21858.00000000","s":"DOCKBTC","a":4157437,"T":1596853388004,"e":"aggTrade","p":"0.00000183","f":6684328}],[{"m":false,"E":1596872859011,"l":6685812,"M":true,"q":"69681.00000000","s":"DOCKBTC","a":4158194,"T":1596872859009,"e":"aggTrade","p":"0.00000190","f":6685806},{"m":false,"E":1596872859633,"l":6685813,"M":true,"q":"1620.00000000","s":"DOCKBTC","a":4158195,"T":1596872859632,"e":"aggTrade","p":"0.00000190","f":6685813},{"m":true,"E":1596872861039,"l":6685816,"M":true,"q":"14722.00000000","s":"DOCKBTC","a":4158196,"T":1596872861038,"e":"aggTrade","p":"0.00000190","f":6685814},{"m":false,"E":1596872863382,"l":6685817,"M":true,"q":"2029.00000000","s":"DOCKBTC","a":4158197,"T":1596872863381,"e":"aggTrade","p":"0.00000190","f":6685817},{"m":false,"E":1596872877684,"l":6685818,"M":true,"q":"479.00000000","s":"DOCKBTC","a":4158198,"T":1596872877683,"e":"aggTrade","p":"0.00000190","f":6685818},{"m":false,"E":1596872889692,"l":6685819,"M":true,"q":"445.00000000","s":"DOCKBTC","a":4158199,"T":1596872889690,"e":"aggTrade","p":"0.00000190","f":6685819},{"m":false,"E":1596872892051,"l":6685820,"M":true,"q":"1053.00000000","s":"DOCKBTC","a":4158200,"T":1596872892050,"e":"aggTrade","p":"0.00000190","f":6685820},{"m":false,"E":1596872893166,"l":6685821,"M":true,"q":"102.00000000","s":"DOCKBTC","a":4158201,"T":1596872893165,"e":"aggTrade","p":"0.00000190","f":6685821},{"m":false,"E":1596872915780,"l":6685827,"M":true,"q":"272570.00000000","s":"DOCKBTC","a":4158202,"T":1596872915779,"e":"aggTrade","p":"0.00000190","f":6685822},{"m":false,"E":1596872916069,"l":6685828,"M":true,"q":"7092.00000000","s":"DOCKBTC","a":4158203,"T":1596872916068,"e":"aggTrade","p":"0.00000190","f":6685828},{"m":false,"E":1596872916074,"l":6685829,"M":true,"q":"7092.00000000","s":"DOCKBTC","a":4158204,"T":1596872916071,"e":"aggTrade","p":"0.00000190","f":6685829},{"m":false,"E":1596872916203,"l":6685830,"M":true,"q":"26735.00000000","s":"DOCKBTC","a":4158205,"T":1596872916202,"e":"aggTrade","p":"0.00000190","f":6685830}],[{"m":true,"E":1596888453657,"l":6687992,"M":true,"q":"745.00000000","s":"DOCKBTC","a":4159132,"T":1596888453656,"e":"aggTrade","p":"0.00000178","f":6687992},{"m":true,"E":1596888490335,"l":6688017,"M":true,"q":"619227.00000000","s":"DOCKBTC","a":4159133,"T":1596888490331,"e":"aggTrade","p":"0.00000178","f":6687993},{"m":true,"E":1596888490389,"l":6688028,"M":true,"q":"44000.00000000","s":"DOCKBTC","a":4159134,"T":1596888490387,"e":"aggTrade","p":"0.00000177","f":6688018},{"m":true,"E":1596888490389,"l":6688029,"M":true,"q":"3386.00000000","s":"DOCKBTC","a":4159135,"T":1596888490387,"e":"aggTrade","p":"0.00000177","f":6688029},{"m":true,"E":1596888490389,"l":6688030,"M":true,"q":"3438.00000000","s":"DOCKBTC","a":4159136,"T":1596888490387,"e":"aggTrade","p":"0.00000177","f":6688030},{"m":true,"E":1596888490389,"l":6688031,"M":true,"q":"5464.00000000","s":"DOCKBTC","a":4159137,"T":1596888490387,"e":"aggTrade","p":"0.00000177","f":6688031},{"m":true,"E":1596888490390,"l":6688033,"M":true,"q":"22086.00000000","s":"DOCKBTC","a":4159138,"T":1596888490387,"e":"aggTrade","p":"0.00000177","f":6688032},{"m":true,"E":1596888490390,"l":6688043,"M":true,"q":"70301.00000000","s":"DOCKBTC","a":4159139,"T":1596888490387,"e":"aggTrade","p":"0.00000177","f":6688034},{"m":false,"E":1596888490396,"l":6688044,"M":true,"q":"1159.00000000","s":"DOCKBTC","a":4159140,"T":1596888490395,"e":"aggTrade","p":"0.00000178","f":6688044},{"m":true,"E":1596888493909,"l":6688045,"M":true,"q":"433.00000000","s":"DOCKBTC","a":4159141,"T":1596888493908,"e":"aggTrade","p":"0.00000177","f":6688045},{"m":true,"E":1596888529907,"l":6688046,"M":true,"q":"17700.00000000","s":"DOCKBTC","a":4159142,"T":1596888529906,"e":"aggTrade","p":"0.00000177","f":6688046}],[{"m":false,"E":1596895608779,"l":6690316,"M":true,"q":"331468.00000000","s":"DOCKBTC","a":4160296,"T":1596895608777,"e":"aggTrade","p":"0.00000191","f":6690316},{"m":false,"E":1596895608790,"l":6690317,"M":true,"q":"15381.00000000","s":"DOCKBTC","a":4160297,"T":1596895608789,"e":"aggTrade","p":"0.00000191","f":6690317},{"m":false,"E":1596895608819,"l":6690318,"M":true,"q":"35465.00000000","s":"DOCKBTC","a":4160298,"T":1596895608818,"e":"aggTrade","p":"0.00000191","f":6690318},{"m":true,"E":1596895610455,"l":6690319,"M":true,"q":"106.00000000","s":"DOCKBTC","a":4160299,"T":1596895610454,"e":"aggTrade","p":"0.00000190","f":6690319},{"m":false,"E":1596895610470,"l":6690320,"M":true,"q":"7000.00000000","s":"DOCKBTC","a":4160300,"T":1596895610469,"e":"aggTrade","p":"0.00000191","f":6690320},{"m":true,"E":1596895611719,"l":6690323,"M":true,"q":"58420.00000000","s":"DOCKBTC","a":4160301,"T":1596895611718,"e":"aggTrade","p":"0.00000190","f":6690321},{"m":false,"E":1596895611753,"l":6690324,"M":true,"q":"16164.00000000","s":"DOCKBTC","a":4160302,"T":1596895611752,"e":"aggTrade","p":"0.00000191","f":6690324},{"m":false,"E":1596895611844,"l":6690330,"M":true,"q":"96606.00000000","s":"DOCKBTC","a":4160303,"T":1596895611842,"e":"aggTrade","p":"0.00000191","f":6690325},{"m":true,"E":1596895615703,"l":6690331,"M":true,"q":"1151.00000000","s":"DOCKBTC","a":4160304,"T":1596895615702,"e":"aggTrade","p":"0.00000191","f":6690331},{"m":false,"E":1596895615873,"l":6690332,"M":true,"q":"18.00000000","s":"DOCKBTC","a":4160305,"T":1596895615871,"e":"aggTrade","p":"0.00000192","f":6690332},{"m":true,"E":1596895615981,"l":6690333,"M":true,"q":"2203.00000000","s":"DOCKBTC","a":4160306,"T":1596895615979,"e":"aggTrade","p":"0.00000191","f":6690333},{"m":false,"E":1596895623313,"l":6690334,"M":true,"q":"105.00000000","s":"DOCKBTC","a":4160307,"T":1596895623312,"e":"aggTrade","p":"0.00000192","f":6690334},{"m":false,"E":1596895624321,"l":6690335,"M":true,"q":"63.00000000","s":"DOCKBTC","a":4160308,"T":1596895624319,"e":"aggTrade","p":"0.00000192","f":6690335},{"m":false,"E":1596895625187,"l":6690336,"M":true,"q":"105.00000000","s":"DOCKBTC","a":4160309,"T":1596895625186,"e":"aggTrade","p":"0.00000192","f":6690336},{"m":false,"E":1596895631350,"l":6690337,"M":true,"q":"104.00000000","s":"DOCKBTC","a":4160310,"T":1596895631349,"e":"aggTrade","p":"0.00000192","f":6690337},{"m":false,"E":1596895662756,"l":6690338,"M":true,"q":"59219.00000000","s":"DOCKBTC","a":4160311,"T":1596895662755,"e":"aggTrade","p":"0.00000192","f":6690338},{"m":false,"E":1596895663978,"l":6690348,"M":true,"q":"58876.00000000","s":"DOCKBTC","a":4160312,"T":1596895663976,"e":"aggTrade","p":"0.00000192","f":6690339},{"m":true,"E":1596895664240,"l":6690350,"M":true,"q":"10363.00000000","s":"DOCKBTC","a":4160313,"T":1596895664239,"e":"aggTrade","p":"0.00000192","f":6690349},{"m":false,"E":1596895677815,"l":6690351,"M":true,"q":"11497.00000000","s":"DOCKBTC","a":4160314,"T":1596895677814,"e":"aggTrade","p":"0.00000192","f":6690351},{"m":false,"E":1596895691723,"l":6690352,"M":true,"q":"105.00000000","s":"DOCKBTC","a":4160315,"T":1596895691722,"e":"aggTrade","p":"0.00000192","f":6690352},{"m":false,"E":1596895704074,"l":6690354,"M":true,"q":"10495.00000000","s":"DOCKBTC","a":4160316,"T":1596895704073,"e":"aggTrade","p":"0.00000192","f":6690353}]]},{"peak":"5.26315789|1230,-4.18743769|900,3.68893320|1320,-7.49354005|450,3.79844961|30,-3.98653896|660,4.78902407|1860,-30.37037037|6330,6.57004831|180,-13.12820513|480,5.05982906|210,-3.92289483|240,5.61379777|480,-4.76350218|360,12.64676283|1050,-8.60284605|540,5.14230272|630,-10.57823129|3270,4.79591837|3030,-3.42396777|240,5.74018127|1950,-8.80829016|2217,5.69948187|372,-3.83440787|195,5.19172039|706,-4.76512335|411,-4.76512335|411,8.44880027|881,-3.95205701|118","transactionList":[{},{},{},{},{},{},{},{},{},{},{},{},{},{},{},{},{},{},{},{},{},{},{},{},{},{},[{"m":true,"l":3858199,"M":true,"q":"68.00000000","a":2859651,"T":1596823203131,"p":"0.00001485","f":3858199},{"m":false,"l":3858200,"M":true,"q":"1159.00000000","a":2859652,"T":1596823213739,"p":"0.00001486","f":3858200},{"m":true,"l":3858201,"M":true,"q":"31.00000000","a":2859653,"T":1596823213748,"p":"0.00001486","f":3858201},{"m":true,"l":3858202,"M":true,"q":"168.00000000","a":2859654,"T":1596823241134,"p":"0.00001486","f":3858202},{"m":true,"l":3858203,"M":true,"q":"21.00000000","a":2859655,"T":1596823241149,"p":"0.00001486","f":3858203},{"m":true,"l":3858204,"M":true,"q":"152.00000000","a":2859656,"T":1596823241149,"p":"0.00001484","f":3858204},{"m":true,"l":3858205,"M":true,"q":"45.00000000","a":2859657,"T":1596823241149,"p":"0.00001482","f":3858205},{"m":true,"l":3858207,"M":true,"q":"1965.00000000","a":2859658,"T":1596823241149,"p":"0.00001481","f":3858206},{"m":false,"l":3858208,"M":true,"q":"123.00000000","a":2859659,"T":1596823241157,"p":"0.00001481","f":3858208},{"m":true,"l":3858210,"M":true,"q":"743.00000000","a":2859660,"T":1596823258966,"p":"0.00001480","f":3858209},{"m":true,"l":3858211,"M":true,"q":"11.00000000","a":2859661,"T":1596823261872,"p":"0.00001480","f":3858211},{"m":true,"l":3858213,"M":true,"q":"1321.00000000","a":2859662,"T":1596823261872,"p":"0.00001479","f":3858212}],[{"m":false,"E":1596876106084,"l":3860411,"M":true,"q":"256.00000000","s":"ONGBTC","a":2861230,"T":1596876106083,"e":"aggTrade","p":"0.00001562","f":3860411},{"m":false,"E":1596876107189,"l":3860413,"M":true,"q":"61997.00000000","s":"ONGBTC","a":2861231,"T":1596876107177,"e":"aggTrade","p":"0.00001562","f":3860412},{"m":false,"E":1596876107189,"l":3860414,"M":true,"q":"800.00000000","s":"ONGBTC","a":2861232,"T":1596876107177,"e":"aggTrade","p":"0.00001563","f":3860414},{"m":false,"E":1596876107189,"l":3860415,"M":true,"q":"3526.00000000","s":"ONGBTC","a":2861233,"T":1596876107177,"e":"aggTrade","p":"0.00001564","f":3860415},{"m":false,"E":1596876107189,"l":3860420,"M":true,"q":"189.00000000","s":"ONGBTC","a":2861234,"T":1596876107177,"e":"aggTrade","p":"0.00001565","f":3860416},{"m":false,"E":1596876107189,"l":3860421,"M":true,"q":"96.00000000","s":"ONGBTC","a":2861235,"T":1596876107177,"e":"aggTrade","p":"0.00001566","f":3860421},{"m":false,"E":1596876107189,"l":3860425,"M":true,"q":"3867.00000000","s":"ONGBTC","a":2861236,"T":1596876107177,"e":"aggTrade","p":"0.00001567","f":3860422},{"m":false,"E":1596876107189,"l":3860431,"M":true,"q":"5951.00000000","s":"ONGBTC","a":2861237,"T":1596876107177,"e":"aggTrade","p":"0.00001568","f":3860426},{"m":false,"E":1596876107189,"l":3860434,"M":true,"q":"2097.00000000","s":"ONGBTC","a":2861238,"T":1596876107177,"e":"aggTrade","p":"0.00001569","f":3860432},{"m":false,"E":1596876107189,"l":3860436,"M":true,"q":"894.00000000","s":"ONGBTC","a":2861239,"T":1596876107177,"e":"aggTrade","p":"0.00001570","f":3860435},{"m":false,"E":1596876107189,"l":3860440,"M":true,"q":"2505.00000000","s":"ONGBTC","a":2861240,"T":1596876107177,"e":"aggTrade","p":"0.00001571","f":3860437},{"m":false,"E":1596876107189,"l":3860443,"M":true,"q":"363.00000000","s":"ONGBTC","a":2861241,"T":1596876107177,"e":"aggTrade","p":"0.00001572","f":3860441},{"m":false,"E":1596876107189,"l":3860445,"M":true,"q":"39.00000000","s":"ONGBTC","a":2861242,"T":1596876107177,"e":"aggTrade","p":"0.00001573","f":3860444},{"m":false,"E":1596876107189,"l":3860447,"M":true,"q":"159.00000000","s":"ONGBTC","a":2861243,"T":1596876107177,"e":"aggTrade","p":"0.00001574","f":3860446},{"m":false,"E":1596876107189,"l":3860448,"M":true,"q":"7.00000000","s":"ONGBTC","a":2861244,"T":1596876107177,"e":"aggTrade","p":"0.00001575","f":3860448},{"m":false,"E":1596876107189,"l":3860450,"M":true,"q":"743.00000000","s":"ONGBTC","a":2861245,"T":1596876107177,"e":"aggTrade","p":"0.00001576","f":3860449},{"m":false,"E":1596876107189,"l":3860457,"M":true,"q":"6507.00000000","s":"ONGBTC","a":2861246,"T":1596876107177,"e":"aggTrade","p":"0.00001577","f":3860451},{"m":false,"E":1596876107189,"l":3860458,"M":true,"q":"102.00000000","s":"ONGBTC","a":2861247,"T":1596876107177,"e":"aggTrade","p":"0.00001578","f":3860458},{"m":false,"E":1596876107189,"l":3860459,"M":true,"q":"21.00000000","s":"ONGBTC","a":2861248,"T":1596876107177,"e":"aggTrade","p":"0.00001579","f":3860459},{"m":false,"E":1596876107189,"l":3860463,"M":true,"q":"3756.00000000","s":"ONGBTC","a":2861249,"T":1596876107177,"e":"aggTrade","p":"0.00001580","f":3860460},{"m":false,"E":1596876107189,"l":3860465,"M":true,"q":"603.00000000","s":"ONGBTC","a":2861250,"T":1596876107177,"e":"aggTrade","p":"0.00001581","f":3860464},{"m":false,"E":1596876107189,"l":3860467,"M":true,"q":"889.00000000","s":"ONGBTC","a":2861251,"T":1596876107177,"e":"aggTrade","p":"0.00001582","f":3860466},{"m":false,"E":1596876107189,"l":3860471,"M":true,"q":"8286.00000000","s":"ONGBTC","a":2861252,"T":1596876107177,"e":"aggTrade","p":"0.00001583","f":3860468},{"m":false,"E":1596876107189,"l":3860473,"M":true,"q":"4638.00000000","s":"ONGBTC","a":2861253,"T":1596876107177,"e":"aggTrade","p":"0.00001584","f":3860472},{"m":false,"E":1596876107189,"l":3860475,"M":true,"q":"1519.00000000","s":"ONGBTC","a":2861254,"T":1596876107177,"e":"aggTrade","p":"0.00001585","f":3860474},{"m":false,"E":1596876107189,"l":3860480,"M":true,"q":"542.00000000","s":"ONGBTC","a":2861255,"T":1596876107177,"e":"aggTrade","p":"0.00001586","f":3860476},{"m":false,"E":1596876107189,"l":3860482,"M":true,"q":"16.00000000","s":"ONGBTC","a":2861256,"T":1596876107177,"e":"aggTrade","p":"0.00001587","f":3860481},{"m":false,"E":1596876107189,"l":3860485,"M":true,"q":"352.00000000","s":"ONGBTC","a":2861257,"T":1596876107177,"e":"aggTrade","p":"0.00001588","f":3860483},{"m":false,"E":1596876107189,"l":3860499,"M":true,"q":"537.00000000","s":"ONGBTC","a":2861258,"T":1596876107177,"e":"aggTrade","p":"0.00001589","f":3860486},{"m":false,"E":1596876107189,"l":3860503,"M":true,"q":"1149.00000000","s":"ONGBTC","a":2861259,"T":1596876107177,"e":"aggTrade","p":"0.00001590","f":3860500},{"m":false,"E":1596876107189,"l":3860504,"M":true,"q":"6126.00000000","s":"ONGBTC","a":2861260,"T":1596876107177,"e":"aggTrade","p":"0.00001591","f":3860504},{"m":false,"E":1596876107189,"l":3860505,"M":true,"q":"46.00000000","s":"ONGBTC","a":2861261,"T":1596876107177,"e":"aggTrade","p":"0.00001592","f":3860505},{"m":false,"E":1596876107189,"l":3860507,"M":true,"q":"421.00000000","s":"ONGBTC","a":2861262,"T":1596876107177,"e":"aggTrade","p":"0.00001593","f":3860506},{"m":false,"E":1596876107189,"l":3860513,"M":true,"q":"582.00000000","s":"ONGBTC","a":2861263,"T":1596876107177,"e":"aggTrade","p":"0.00001594","f":3860508},{"m":false,"E":1596876107189,"l":3860517,"M":true,"q":"11992.00000000","s":"ONGBTC","a":2861264,"T":1596876107177,"e":"aggTrade","p":"0.00001595","f":3860514},{"m":false,"E":1596876107189,"l":3860518,"M":true,"q":"492.00000000","s":"ONGBTC","a":2861265,"T":1596876107177,"e":"aggTrade","p":"0.00001596","f":3860518},{"m":false,"E":1596876107189,"l":3860525,"M":true,"q":"9633.00000000","s":"ONGBTC","a":2861266,"T":1596876107177,"e":"aggTrade","p":"0.00001597","f":3860519},{"m":false,"E":1596876107189,"l":3860530,"M":true,"q":"21632.00000000","s":"ONGBTC","a":2861267,"T":1596876107177,"e":"aggTrade","p":"0.00001598","f":3860526},{"m":false,"E":1596876107189,"l":3860537,"M":true,"q":"2480.00000000","s":"ONGBTC","a":2861268,"T":1596876107177,"e":"aggTrade","p":"0.00001599","f":3860531},{"m":false,"E":1596876107189,"l":3860565,"M":true,"q":"29292.00000000","s":"ONGBTC","a":2861269,"T":1596876107177,"e":"aggTrade","p":"0.00001600","f":3860538},{"m":true,"E":1596876107190,"l":3860566,"M":true,"q":"427.00000000","s":"ONGBTC","a":2861270,"T":1596876107177,"e":"aggTrade","p":"0.00001600","f":3860566},{"m":true,"E":1596876107199,"l":3860567,"M":true,"q":"121515.00000000","s":"ONGBTC","a":2861271,"T":1596876107193,"e":"aggTrade","p":"0.00001600","f":3860567},{"m":true,"E":1596876107204,"l":3860568,"M":true,"q":"25078.00000000","s":"ONGBTC","a":2861272,"T":1596876107197,"e":"aggTrade","p":"0.00001600","f":3860568},{"m":true,"E":1596876107209,"l":3860569,"M":true,"q":"1611.00000000","s":"ONGBTC","a":2861273,"T":1596876107200,"e":"aggTrade","p":"0.00001600","f":3860569},{"m":true,"E":1596876107213,"l":3860570,"M":true,"q":"5276.00000000","s":"ONGBTC","a":2861274,"T":1596876107202,"e":"aggTrade","p":"0.00001600","f":3860570},{"m":true,"E":1596876107214,"l":3860571,"M":true,"q":"49.00000000","s":"ONGBTC","a":2861275,"T":1596876107203,"e":"aggTrade","p":"0.00001600","f":3860571},{"m":true,"E":1596876107214,"l":3860572,"M":true,"q":"13214.00000000","s":"ONGBTC","a":2861276,"T":1596876107203,"e":"aggTrade","p":"0.00001600","f":3860572},{"m":true,"E":1596876107215,"l":3860573,"M":true,"q":"1229.00000000","s":"ONGBTC","a":2861277,"T":1596876107205,"e":"aggTrade","p":"0.00001600","f":3860573},{"m":true,"E":1596876107232,"l":3860574,"M":true,"q":"293.00000000","s":"ONGBTC","a":2861278,"T":1596876107231,"e":"aggTrade","p":"0.00001600","f":3860574},{"m":true,"E":1596876107236,"l":3860575,"M":true,"q":"1045.00000000","s":"ONGBTC","a":2861279,"T":1596876107235,"e":"aggTrade","p":"0.00001600","f":3860575},{"m":false,"E":1596876107280,"l":3860587,"M":true,"q":"9590.00000000","s":"ONGBTC","a":2861280,"T":1596876107277,"e":"aggTrade","p":"0.00001601","f":3860576},{"m":true,"E":1596876107287,"l":3860588,"M":true,"q":"1244.00000000","s":"ONGBTC","a":2861281,"T":1596876107285,"e":"aggTrade","p":"0.00001600","f":3860588},{"m":true,"E":1596876107360,"l":3860589,"M":true,"q":"10.00000000","s":"ONGBTC","a":2861282,"T":1596876107358,"e":"aggTrade","p":"0.00001600","f":3860589},{"m":false,"E":1596876107363,"l":3860601,"M":true,"q":"634.00000000","s":"ONGBTC","a":2861283,"T":1596876107362,"e":"aggTrade","p":"0.00001602","f":3860590},{"m":true,"E":1596876107368,"l":3860602,"M":true,"q":"4365.00000000","s":"ONGBTC","a":2861284,"T":1596876107367,"e":"aggTrade","p":"0.00001602","f":3860602},{"m":true,"E":1596876107425,"l":3860603,"M":true,"q":"1000.00000000","s":"ONGBTC","a":2861285,"T":1596876107424,"e":"aggTrade","p":"0.00001601","f":3860603},{"m":true,"E":1596876107431,"l":3860604,"M":true,"q":"148.00000000","s":"ONGBTC","a":2861286,"T":1596876107430,"e":"aggTrade","p":"0.00001601","f":3860604},{"m":true,"E":1596876107431,"l":3860605,"M":true,"q":"402.00000000","s":"ONGBTC","a":2861287,"T":1596876107430,"e":"aggTrade","p":"0.00001600","f":3860605},{"m":true,"E":1596876107451,"l":3860606,"M":true,"q":"446.00000000","s":"ONGBTC","a":2861288,"T":1596876107449,"e":"aggTrade","p":"0.00001600","f":3860606},{"m":true,"E":1596876107551,"l":3860607,"M":true,"q":"697.00000000","s":"ONGBTC","a":2861289,"T":1596876107550,"e":"aggTrade","p":"0.00001600","f":3860607},{"m":true,"E":1596876107586,"l":3860608,"M":true,"q":"71.00000000","s":"ONGBTC","a":2861290,"T":1596876107585,"e":"aggTrade","p":"0.00001600","f":3860608},{"m":true,"E":1596876107659,"l":3860609,"M":true,"q":"531.00000000","s":"ONGBTC","a":2861291,"T":1596876107658,"e":"aggTrade","p":"0.00001600","f":3860609},{"m":true,"E":1596876107745,"l":3860610,"M":true,"q":"192.00000000","s":"ONGBTC","a":2861292,"T":1596876107744,"e":"aggTrade","p":"0.00001600","f":3860610},{"m":true,"E":1596876107909,"l":3860611,"M":true,"q":"250.00000000","s":"ONGBTC","a":2861293,"T":1596876107908,"e":"aggTrade","p":"0.00001600","f":3860611},{"m":true,"E":1596876107957,"l":3860612,"M":true,"q":"318.00000000","s":"ONGBTC","a":2861294,"T":1596876107956,"e":"aggTrade","p":"0.00001600","f":3860612},{"m":true,"E":1596876108170,"l":3860613,"M":true,"q":"157.00000000","s":"ONGBTC","a":2861295,"T":1596876108169,"e":"aggTrade","p":"0.00001600","f":3860613},{"m":true,"E":1596876108174,"l":3860614,"M":true,"q":"500.00000000","s":"ONGBTC","a":2861296,"T":1596876108173,"e":"aggTrade","p":"0.00001600","f":3860614},{"m":true,"E":1596876108186,"l":3860615,"M":true,"q":"320.00000000","s":"ONGBTC","a":2861297,"T":1596876108185,"e":"aggTrade","p":"0.00001600","f":3860615},{"m":true,"E":1596876108192,"l":3860616,"M":true,"q":"320.00000000","s":"ONGBTC","a":2861298,"T":1596876108191,"e":"aggTrade","p":"0.00001600","f":3860616},{"m":true,"E":1596876108231,"l":3860617,"M":true,"q":"11398.00000000","s":"ONGBTC","a":2861299,"T":1596876108230,"e":"aggTrade","p":"0.00001600","f":3860617},{"m":true,"E":1596876108442,"l":3860618,"M":true,"q":"1000.00000000","s":"ONGBTC","a":2861300,"T":1596876108441,"e":"aggTrade","p":"0.00001600","f":3860618},{"m":true,"E":1596876108443,"l":3860619,"M":true,"q":"223.00000000","s":"ONGBTC","a":2861301,"T":1596876108442,"e":"aggTrade","p":"0.00001600","f":3860619},{"m":true,"E":1596876108494,"l":3860620,"M":true,"q":"2092.00000000","s":"ONGBTC","a":2861302,"T":1596876108493,"e":"aggTrade","p":"0.00001600","f":3860620},{"m":true,"E":1596876108527,"l":3860621,"M":true,"q":"73.00000000","s":"ONGBTC","a":2861303,"T":1596876108526,"e":"aggTrade","p":"0.00001600","f":3860621},{"m":true,"E":1596876108638,"l":3860622,"M":true,"q":"2946.00000000","s":"ONGBTC","a":2861304,"T":1596876108636,"e":"aggTrade","p":"0.00001600","f":3860622},{"m":true,"E":1596876108683,"l":3860623,"M":true,"q":"273.00000000","s":"ONGBTC","a":2861305,"T":1596876108682,"e":"aggTrade","p":"0.00001600","f":3860623},{"m":true,"E":1596876108735,"l":3860624,"M":true,"q":"26.00000000","s":"ONGBTC","a":2861306,"T":1596876108734,"e":"aggTrade","p":"0.00001600","f":3860624},{"m":true,"E":1596876109203,"l":3860625,"M":true,"q":"283.00000000","s":"ONGBTC","a":2861307,"T":1596876109202,"e":"aggTrade","p":"0.00001600","f":3860625},{"m":false,"E":1596876109215,"l":3860629,"M":true,"q":"69.00000000","s":"ONGBTC","a":2861308,"T":1596876109214,"e":"aggTrade","p":"0.00001603","f":3860626},{"m":true,"E":1596876109238,"l":3860630,"M":true,"q":"623.00000000","s":"ONGBTC","a":2861309,"T":1596876109237,"e":"aggTrade","p":"0.00001600","f":3860630},{"m":true,"E":1596876109355,"l":3860631,"M":true,"q":"507.00000000","s":"ONGBTC","a":2861310,"T":1596876109354,"e":"aggTrade","p":"0.00001600","f":3860631},{"m":true,"E":1596876109658,"l":3860632,"M":true,"q":"7.00000000","s":"ONGBTC","a":2861311,"T":1596876109657,"e":"aggTrade","p":"0.00001600","f":3860632},{"m":true,"E":1596876109938,"l":3860633,"M":true,"q":"18080.00000000","s":"ONGBTC","a":2861312,"T":1596876109937,"e":"aggTrade","p":"0.00001600","f":3860633},{"m":true,"E":1596876109955,"l":3860634,"M":true,"q":"1327.00000000","s":"ONGBTC","a":2861313,"T":1596876109954,"e":"aggTrade","p":"0.00001600","f":3860634},{"m":false,"E":1596876110338,"l":3860635,"M":true,"q":"15.00000000","s":"ONGBTC","a":2861314,"T":1596876110337,"e":"aggTrade","p":"0.00001602","f":3860635},{"m":false,"E":1596876110338,"l":3860636,"M":true,"q":"241.00000000","s":"ONGBTC","a":2861315,"T":1596876110337,"e":"aggTrade","p":"0.00001603","f":3860636},{"m":false,"E":1596876110338,"l":3860638,"M":true,"q":"1584.00000000","s":"ONGBTC","a":2861316,"T":1596876110337,"e":"aggTrade","p":"0.00001604","f":3860637},{"m":true,"E":1596876110385,"l":3860639,"M":true,"q":"26.00000000","s":"ONGBTC","a":2861317,"T":1596876110384,"e":"aggTrade","p":"0.00001600","f":3860639},{"m":true,"E":1596876110648,"l":3860640,"M":true,"q":"412.00000000","s":"ONGBTC","a":2861318,"T":1596876110647,"e":"aggTrade","p":"0.00001600","f":3860640},{"m":true,"E":1596876110755,"l":3860641,"M":true,"q":"667.00000000","s":"ONGBTC","a":2861319,"T":1596876110754,"e":"aggTrade","p":"0.00001600","f":3860641},{"m":true,"E":1596876110757,"l":3860642,"M":true,"q":"729.00000000","s":"ONGBTC","a":2861320,"T":1596876110757,"e":"aggTrade","p":"0.00001600","f":3860642},{"m":true,"E":1596876110760,"l":3860643,"M":true,"q":"1077.00000000","s":"ONGBTC","a":2861321,"T":1596876110759,"e":"aggTrade","p":"0.00001600","f":3860643},{"m":true,"E":1596876111021,"l":3860644,"M":true,"q":"12.00000000","s":"ONGBTC","a":2861322,"T":1596876111020,"e":"aggTrade","p":"0.00001600","f":3860644},{"m":true,"E":1596876111337,"l":3860645,"M":true,"q":"412.00000000","s":"ONGBTC","a":2861323,"T":1596876111336,"e":"aggTrade","p":"0.00001601","f":3860645},{"m":true,"E":1596876111354,"l":3860646,"M":true,"q":"52.00000000","s":"ONGBTC","a":2861324,"T":1596876111353,"e":"aggTrade","p":"0.00001601","f":3860646},{"m":true,"E":1596876111354,"l":3860647,"M":true,"q":"284.00000000","s":"ONGBTC","a":2861325,"T":1596876111353,"e":"aggTrade","p":"0.00001600","f":3860647},{"m":true,"E":1596876111520,"l":3860648,"M":true,"q":"538.00000000","s":"ONGBTC","a":2861326,"T":1596876111519,"e":"aggTrade","p":"0.00001600","f":3860648},{"m":true,"E":1596876111647,"l":3860649,"M":true,"q":"26.00000000","s":"ONGBTC","a":2861327,"T":1596876111646,"e":"aggTrade","p":"0.00001600","f":3860649},{"m":true,"E":1596876112070,"l":3860650,"M":true,"q":"392.00000000","s":"ONGBTC","a":2861328,"T":1596876112069,"e":"aggTrade","p":"0.00001600","f":3860650},{"m":true,"E":1596876112372,"l":3860651,"M":true,"q":"2255.00000000","s":"ONGBTC","a":2861329,"T":1596876112371,"e":"aggTrade","p":"0.00001600","f":3860651},{"m":true,"E":1596876112397,"l":3860652,"M":true,"q":"605.00000000","s":"ONGBTC","a":2861330,"T":1596876112396,"e":"aggTrade","p":"0.00001600","f":3860652},{"m":true,"E":1596876112564,"l":3860653,"M":true,"q":"18.00000000","s":"ONGBTC","a":2861331,"T":1596876112563,"e":"aggTrade","p":"0.00001601","f":3860653},{"m":true,"E":1596876112569,"l":3860654,"M":true,"q":"272.00000000","s":"ONGBTC","a":2861332,"T":1596876112568,"e":"aggTrade","p":"0.00001601","f":3860654},{"m":true,"E":1596876112581,"l":3860655,"M":true,"q":"222.00000000","s":"ONGBTC","a":2861333,"T":1596876112580,"e":"aggTrade","p":"0.00001601","f":3860655},{"m":true,"E":1596876112674,"l":3860656,"M":true,"q":"21.00000000","s":"ONGBTC","a":2861334,"T":1596876112673,"e":"aggTrade","p":"0.00001601","f":3860656},{"m":true,"E":1596876113133,"l":3860657,"M":true,"q":"26.00000000","s":"ONGBTC","a":2861335,"T":1596876113132,"e":"aggTrade","p":"0.00001601","f":3860657},{"m":true,"E":1596876113183,"l":3860658,"M":true,"q":"136.00000000","s":"ONGBTC","a":2861336,"T":1596876113182,"e":"aggTrade","p":"0.00001601","f":3860658},{"m":true,"E":1596876113205,"l":3860659,"M":true,"q":"145.00000000","s":"ONGBTC","a":2861337,"T":1596876113204,"e":"aggTrade","p":"0.00001600","f":3860659},{"m":true,"E":1596876113603,"l":3860660,"M":true,"q":"623.00000000","s":"ONGBTC","a":2861338,"T":1596876113602,"e":"aggTrade","p":"0.00001600","f":3860660},{"m":true,"E":1596876114105,"l":3860661,"M":true,"q":"29027.00000000","s":"ONGBTC","a":2861339,"T":1596876114104,"e":"aggTrade","p":"0.00001600","f":3860661},{"m":true,"E":1596876114209,"l":3860662,"M":true,"q":"50.00000000","s":"ONGBTC","a":2861340,"T":1596876114208,"e":"aggTrade","p":"0.00001600","f":3860662},{"m":true,"E":1596876114674,"l":3860663,"M":true,"q":"7.00000000","s":"ONGBTC","a":2861341,"T":1596876114673,"e":"aggTrade","p":"0.00001600","f":3860663},{"m":false,"E":1596876114709,"l":3860664,"M":true,"q":"20.00000000","s":"ONGBTC","a":2861342,"T":1596876114709,"e":"aggTrade","p":"0.00001601","f":3860664},{"m":true,"E":1596876114826,"l":3860665,"M":true,"q":"222.00000000","s":"ONGBTC","a":2861343,"T":1596876114825,"e":"aggTrade","p":"0.00001601","f":3860665},{"m":false,"E":1596876114961,"l":3860666,"M":true,"q":"2172.00000000","s":"ONGBTC","a":2861344,"T":1596876114960,"e":"aggTrade","p":"0.00001604","f":3860666},{"m":true,"E":1596876115610,"l":3860667,"M":true,"q":"295.00000000","s":"ONGBTC","a":2861345,"T":1596876115609,"e":"aggTrade","p":"0.00001601","f":3860667},{"m":true,"E":1596876116543,"l":3860668,"M":true,"q":"820.00000000","s":"ONGBTC","a":2861346,"T":1596876116542,"e":"aggTrade","p":"0.00001601","f":3860668},{"m":true,"E":1596876116543,"l":3860669,"M":true,"q":"39180.00000000","s":"ONGBTC","a":2861347,"T":1596876116542,"e":"aggTrade","p":"0.00001600","f":3860669},{"m":true,"E":1596876117111,"l":3860670,"M":true,"q":"194.00000000","s":"ONGBTC","a":2861348,"T":1596876117110,"e":"aggTrade","p":"0.00001600","f":3860670},{"m":true,"E":1596876117303,"l":3860671,"M":true,"q":"1115.00000000","s":"ONGBTC","a":2861349,"T":1596876117302,"e":"aggTrade","p":"0.00001600","f":3860671},{"m":true,"E":1596876117401,"l":3860672,"M":true,"q":"392.00000000","s":"ONGBTC","a":2861350,"T":1596876117400,"e":"aggTrade","p":"0.00001600","f":3860672},{"m":true,"E":1596876118978,"l":3860673,"M":true,"q":"7.00000000","s":"ONGBTC","a":2861351,"T":1596876118977,"e":"aggTrade","p":"0.00001600","f":3860673},{"m":true,"E":1596876119105,"l":3860674,"M":true,"q":"790.00000000","s":"ONGBTC","a":2861352,"T":1596876119104,"e":"aggTrade","p":"0.00001601","f":3860674},{"m":true,"E":1596876119105,"l":3860675,"M":true,"q":"24419.00000000","s":"ONGBTC","a":2861353,"T":1596876119104,"e":"aggTrade","p":"0.00001600","f":3860675},{"m":true,"E":1596876119254,"l":3860676,"M":true,"q":"86.00000000","s":"ONGBTC","a":2861354,"T":1596876119253,"e":"aggTrade","p":"0.00001600","f":3860676},{"m":true,"E":1596876120398,"l":3860677,"M":true,"q":"623.00000000","s":"ONGBTC","a":2861355,"T":1596876120397,"e":"aggTrade","p":"0.00001601","f":3860677},{"m":true,"E":1596876120413,"l":3860678,"M":true,"q":"222.00000000","s":"ONGBTC","a":2861356,"T":1596876120411,"e":"aggTrade","p":"0.00001601","f":3860678},{"m":true,"E":1596876120552,"l":3860679,"M":true,"q":"151.00000000","s":"ONGBTC","a":2861357,"T":1596876120551,"e":"aggTrade","p":"0.00001601","f":3860679},{"m":true,"E":1596876120935,"l":3860680,"M":true,"q":"194.00000000","s":"ONGBTC","a":2861358,"T":1596876120934,"e":"aggTrade","p":"0.00001601","f":3860680},{"m":true,"E":1596876121161,"l":3860681,"M":true,"q":"160.00000000","s":"ONGBTC","a":2861359,"T":1596876121160,"e":"aggTrade","p":"0.00001601","f":3860681},{"m":true,"E":1596876121684,"l":3860682,"M":true,"q":"306.00000000","s":"ONGBTC","a":2861360,"T":1596876121683,"e":"aggTrade","p":"0.00001601","f":3860682},{"m":false,"E":1596876122325,"l":3860683,"M":true,"q":"318.00000000","s":"ONGBTC","a":2861361,"T":1596876122324,"e":"aggTrade","p":"0.00001604","f":3860683},{"m":true,"E":1596876122469,"l":3860684,"M":true,"q":"4225.00000000","s":"ONGBTC","a":2861362,"T":1596876122468,"e":"aggTrade","p":"0.00001601","f":3860684},{"m":true,"E":1596876122469,"l":3860685,"M":true,"q":"2568.00000000","s":"ONGBTC","a":2861363,"T":1596876122468,"e":"aggTrade","p":"0.00001600","f":3860685},{"m":true,"E":1596876122530,"l":3860686,"M":true,"q":"157.00000000","s":"ONGBTC","a":2861364,"T":1596876122529,"e":"aggTrade","p":"0.00001600","f":3860686},{"m":true,"E":1596876122856,"l":3860687,"M":true,"q":"130.00000000","s":"ONGBTC","a":2861365,"T":1596876122855,"e":"aggTrade","p":"0.00001600","f":3860687},{"m":true,"E":1596876123198,"l":3860688,"M":true,"q":"7.00000000","s":"ONGBTC","a":2861366,"T":1596876123197,"e":"aggTrade","p":"0.00001600","f":3860688},{"m":false,"E":1596876123787,"l":3860689,"M":true,"q":"812.00000000","s":"ONGBTC","a":2861367,"T":1596876123786,"e":"aggTrade","p":"0.00001604","f":3860689},{"m":true,"E":1596876124057,"l":3860690,"M":true,"q":"1400.00000000","s":"ONGBTC","a":2861368,"T":1596876124056,"e":"aggTrade","p":"0.00001600","f":3860690}