[{"peak":"","transactionList":[]},{"peak":"12.99777643|6480,-5.47169811|180,3.54716981|330,-3.35216573|390,6.66666667|540,-7.90626786|1470,7.35378167|4260,-11.03448276|4260,14.91625616|6930,-4.49740190|900,7.43594338|1686,-6.89962560|1791,-7.39745656|2828","transactionList":[{},{},{},{},{},{},{},{},{},{},{},{},[{"m":true,"E":1595634234758,"l":22707950,"M":true,"q":"1430.00000000","s":"IOTABTC","a":19132871,"T":1595634234756,"e":"aggTrade","p":"0.00002793","f":22707949},{"m":true,"E":1595634234758,"l":22707957,"M":true,"q":"2070.00000000","s":"IOTABTC","a":19132872,"T":1595634234756,"e":"aggTrade","p":"0.00002792","f":22707951},{"m":true,"E":1595634246697,"l":22707958,"M":true,"q":"33.00000000","s":"IOTABTC","a":19132873,"T":1595634246696,"e":"aggTrade","p":"0.00002792","f":22707958},{"m":false,"E":1595634275495,"l":22707959,"M":true,"q":"964.00000000","s":"IOTABTC","a":19132874,"T":1595634275494,"e":"aggTrade","p":"0.00002794","f":22707959},{"m":false,"E":1595634285789,"l":22707960,"M":true,"q":"25.00000000","s":"IOTABTC","a":19132875,"T":1595634285788,"e":"aggTrade","p":"0.00002792","f":22707960},{"m":false,"E":1595634291319,"l":22707961,"M":true,"q":"10.00000000","s":"IOTABTC","a":19132876,"T":1595634291318,"e":"aggTrade","p":"0.00002794","f":22707961},{"m":false,"E":1595634304719,"l":22707962,"M":true,"q":"20.00000000","s":"IOTABTC","a":19132877,"T":1595634304718,"e":"aggTrade","p":"0.00002796","f":22707962},{"m":false,"E":1595634327369,"l":22707963,"M":true,"q":"16.00000000","s":"IOTABTC","a":19132878,"T":1595634327368,"e":"aggTrade","p":"0.00002796","f":22707963}]]},{"peak":"4.84848485|1200,-3.18091451|180,8.34990060|1950,-4.40613027|510,5.74712644|1050,-4.34782609|450,4.91493384|3030,-11.44578313|6600,6.22489960|3960,-3.52250489|1230,6.84931507|3900,-6.64062500|1545,4.29687500|1553","transactionList":[{},{},{},{},{},{},{},{},{},{},{},{},{}]},{"peak":"-7.19874804|2820,12.20657277|510,-7.86009778|240,7.74727341|1140,-6.74366617|990,4.50819672|300,-3.62024381|300,3.58330255|2130,-5.21575985|1380,6.41651032|3480,-10.26438569|4230,15.00777605|8970,-5.45454545|702,3.27985740|822,-4.69822913|123,4.01156487|599","transactionList":[{},{},{},{},{},{},{},{},{},{},{},{},{},{},{},{}]},{"peak":"5.09554140|1050,-3.12500000|60,23.75000000|570,-11.86440678|660,6.77966102|90,-10.52631579|720,6.43274854|420,-4.59770115|300,4.59770115|840,-5.20231214|420,4.62427746|480,-3.42857143|180,6.85714286|630,-6.25000000|210,10.22727273|1050,-4.30107527|210,5.37634409|90,-4.81283422|150,37.43315508|600,-5.76131687|90,25.92592593|210,-8.51063830|120,4.96453901|30,-15.62500000|240,5.46875000|180,-8.00000000|180,12.00000000|210,-18.64406780|420,4.66101695|210,-5.55555556|150,5.98290598|210,-5.08474576|150,4.66101695|330,-4.66101695|450,14.83050847|540,-4.23076923|60,4.23076923|90,-13.86554622|540,13.02521008|450,-9.34959350|330,3.65853659|150,-4.93827160|360,3.29218107|390,-6.35593220|960,13.13559322|720,-3.48837209|90,5.03875969|150,-5.85937500|360,3.51562500|360,-7.72357724|450,4.87804878|1770,-3.20000000|270,5.20000000|330,-3.13725490|300,15.68627451|630,-4.24028269|240,8.48056537|270,-4.06779661|150,4.40677966|150,-13.23529412|570,3.30882353|120,-6.03773585|330,7.16981132|210,-3.27272727|150,8.36363636|540,-8.36363636|300,4.00000000|690,-3.24909747|60,5.41516245|120,-6.95970696|210,7.69230769|600,-3.52112676|480,15.49295775|480,-13.10344828|429,9.31034483|966,-13.62007168|141,5.37634409|568,-3.52112676|100,3.87323944|139,-4.60992908|311,3.90070922|50,-7.72058824|397,-8.92193309|430,4.46096654|212,-4.46096654|238","transactionList":[{},{},{},{},{},{},{},{},{},{},{},{},{},{},{},{},{},{},{},{},{},{},{},{},{},{},{},{},{},{},{},{},{},{},{},{},{},{},{},{},{},{},{},{},{},{},{},{},{},{},{},{},{},{},{},{},{},{},{},{},{},{},{},{},{},{},{},{},{},{},{},{},{},{},{},{},{},{},{},{},{},{},[{"m":false,"E":1595619801600,"l":6496991,"M":true,"q":"11461.00000000","s":"DOCKBTC","a":4068599,"T":1595619801599,"e":"aggTrade","p":"0.00000136","f":6496989},{"m":true,"E":1595619804712,"l":6496992,"M":true,"q":"10201.00000000","s":"DOCKBTC","a":4068600,"T":1595619804711,"e":"aggTrade","p":"0.00000136","f":6496992},{"m":true,"E":1595619804720,"l":6496993,"M":true,"q":"2382.00000000","s":"DOCKBTC","a":4068601,"T":1595619804718,"e":"aggTrade","p":"0.00000135","f":6496993},{"m":false,"E":1595619807442,"l":6496995,"M":true,"q":"6008.00000000","s":"DOCKBTC","a":4068602,"T":1595619807441,"e":"aggTrade","p":"0.00000137","f":6496994},{"m":true,"E":1595619807478,"l":6496996,"M":true,"q":"4268.00000000","s":"DOCKBTC","a":4068603,"T":1595619807477,"e":"aggTrade","p":"0.00000135","f":6496996},{"m":true,"E":1595619841761,"l":6496997,"M":true,"q":"23651.00000000","s":"DOCKBTC","a":4068604,"T":1595619841760,"e":"aggTrade","p":"0.00000135","f":6496997},{"m":true,"E":1595619843364,"l":6497051,"M":true,"q":"992362.00000000","s":"DOCKBTC","a":4068605,"T":1595619843359,"e":"aggTrade","p":"0.00000135","f":6496998},{"m":true,"E":1595619854744,"l":6497065,"M":true,"q":"169274.00000000","s":"DOCKBTC","a":4068606,"T":1595619854742,"e":"aggTrade","p":"0.00000135","f":6497052},{"m":false,"E":1595619855188,"l":6497066,"M":true,"q":"369.00000000","s":"DOCKBTC","a":4068607,"T":1595619855187,"e":"aggTrade","p":"0.00000135","f":6497066},{"m":false,"E":1595619858717,"l":6497067,"M":true,"q":"75.00000000","s":"DOCKBTC","a":4068608,"T":1595619858716,"e":"aggTrade","p":"0.00000135","f":6497067},{"m":false,"E":1595619881042,"l":6497068,"M":true,"q":"188.00000000","s":"DOCKBTC","a":4068609,"T":1595619881041,"e":"aggTrade","p":"0.00000135","f":6497068},{"m":true,"E":1595619910331,"l":6497069,"M":true,"q":"137.00000000","s":"DOCKBTC","a":4068610,"T":1595619910330,"e":"aggTrade","p":"0.00000134","f":6497069},{"m":true,"E":1595619910333,"l":6497084,"M":true,"q":"33751.00000000","s":"DOCKBTC","a":4068611,"T":1595619910330,"e":"aggTrade","p":"0.00000134","f":6497070},{"m":true,"E":1595619910333,"l":6497085,"M":true,"q":"2107.00000000","s":"DOCKBTC","a":4068612,"T":1595619910330,"e":"aggTrade","p":"0.00000134","f":6497085},{"m":true,"E":1595619910333,"l":6497086,"M":true,"q":"1400.00000000","s":"DOCKBTC","a":4068613,"T":1595619910330,"e":"aggTrade","p":"0.00000134","f":6497086},{"m":true,"E":1595619910333,"l":6497088,"M":true,"q":"12578.00000000","s":"DOCKBTC","a":4068614,"T":1595619910330,"e":"aggTrade","p":"0.00000134","f":6497087},{"m":true,"E":1595619910333,"l":6497089,"M":true,"q":"362.00000000","s":"DOCKBTC","a":4068615,"T":1595619910330,"e":"aggTrade","p":"0.00000134","f":6497089},{"m":true,"E":1595619910333,"l":6497090,"M":true,"q":"5860.00000000","s":"DOCKBTC","a":4068616,"T":1595619910330,"e":"aggTrade","p":"0.00000134","f":6497090},{"m":true,"E":1595619910334,"l":6497096,"M":true,"q":"37624.00000000","s":"DOCKBTC","a":4068617,"T":1595619910330,"e":"aggTrade","p":"0.00000134","f":6497091},{"m":true,"E":1595619910334,"l":6497097,"M":true,"q":"100.00000000","s":"DOCKBTC","a":4068618,"T":1595619910330,"e":"aggTrade","p":"0.00000134","f":6497097},{"m":true,"E":1595619910334,"l":6497098,"M":true,"q":"200.00000000","s":"DOCKBTC","a":4068619,"T":1595619910330,"e":"aggTrade","p":"0.00000134","f":6497098},{"m":true,"E":1595619910334,"l":6497099,"M":true,"q":"400.00000000","s":"DOCKBTC","a":4068620,"T":1595619910330,"e":"aggTrade","p":"0.00000134","f":6497099},{"m":true,"E":1595619910334,"l":6497100,"M":true,"q":"635.00000000","s":"DOCKBTC","a":4068621,"T":1595619910330,"e":"aggTrade","p":"0.00000134","f":6497100},{"m":true,"E":1595619910334,"l":6497101,"M":true,"q":"64957.00000000","s":"DOCKBTC","a":4068622,"T":1595619910330,"e":"aggTrade","p":"0.00000134","f":6497101},{"m":true,"E":1595619910334,"l":6497102,"M":true,"q":"32626.00000000","s":"DOCKBTC","a":4068623,"T":1595619910330,"e":"aggTrade","p":"0.00000134","f":6497102},{"m":true,"E":1595619910334,"l":6497103,"M":true,"q":"20000.00000000","s":"DOCKBTC","a":4068624,"T":1595619910330,"e":"aggTrade","p":"0.00000134","f":6497103},{"m":true,"E":1595619910334,"l":6497104,"M":true,"q":"34363.00000000","s":"DOCKBTC","a":4068625,"T":1595619910330,"e":"aggTrade","p":"0.00000134","f":6497104},{"m":true,"E":1595619910334,"l":6497105,"M":true,"q":"69444.00000000","s":"DOCKBTC","a":4068626,"T":1595619910330,"e":"aggTrade","p":"0.00000134","f":6497105},{"m":true,"E":1595619910334,"l":6497106,"M":true,"q":"28473.00000000","s":"DOCKBTC","a":4068627,"T":1595619910330,"e":"aggTrade","p":"0.00000134","f":6497106},{"m":true,"E":1595619910334,"l":6497107,"M":true,"q":"5620.00000000","s":"DOCKBTC","a":4068628,"T":1595619910330,"e":"aggTrade","p":"0.00000134","f":6497107},{"m":true,"E":1595619910600,"l":6497108,"M":true,"q":"10980.00000000","s":"DOCKBTC","a":4068629,"T":1595619910599,"e":"aggTrade","p":"0.00000134","f":6497108},{"m":false,"E":1595619911228,"l":6497110,"M":true,"q":"96177.00000000","s":"DOCKBTC","a":4068630,"T":1595619911227,"e":"aggTrade","p":"0.00000135","f":6497109},{"m":false,"E":1595619912932,"l":6497111,"M":true,"q":"75.00000000","s":"DOCKBTC","a":4068631,"T":1595619912931,"e":"aggTrade","p":"0.00000135","f":6497111},{"m":true,"E":1595619914249,"l":6497112,"M":true,"q":"1500.00000000","s":"DOCKBTC","a":4068632,"T":1595619914248,"e":"aggTrade","p":"0.00000134","f":6497112}],[{"m":true,"E":1595632585533,"l":6498111,"M":true,"q":"64497.00000000","s":"DOCKBTC","a":4069075,"T":1595632585532,"e":"aggTrade","p":"0.00000139","f":6498110},{"m":true,"E":1595632586933,"l":6498113,"M":true,"q":"19837.00000000","s":"DOCKBTC","a":4069076,"T":1595632586932,"e":"aggTrade","p":"0.00000139","f":6498112},{"m":false,"E":1595632593936,"l":6498152,"M":true,"q":"680180.00000000","s":"DOCKBTC","a":4069077,"T":1595632593932,"e":"aggTrade","p":"0.00000140","f":6498114},{"m":true,"E":1595632593941,"l":6498153,"M":true,"q":"9896.00000000","s":"DOCKBTC","a":4069078,"T":1595632593940,"e":"aggTrade","p":"0.00000140","f":6498153},{"m":false,"E":1595632593988,"l":6498156,"M":true,"q":"17150.00000000","s":"DOCKBTC","a":4069079,"T":1595632593985,"e":"aggTrade","p":"0.00000140","f":6498154},{"m":false,"E":1595632593988,"l":6498168,"M":true,"q":"32850.00000000","s":"DOCKBTC","a":4069080,"T":1595632593985,"e":"aggTrade","p":"0.00000141","f":6498157},{"m":true,"E":1595632594060,"l":6498170,"M":true,"q":"21702.00000000","s":"DOCKBTC","a":4069081,"T":1595632594057,"e":"aggTrade","p":"0.00000140","f":6498169},{"m":true,"E":1595632594060,"l":6498171,"M":true,"q":"3799.00000000","s":"DOCKBTC","a":4069082,"T":1595632594058,"e":"aggTrade","p":"0.00000140","f":6498171},{"m":false,"E":1595632595176,"l":6498172,"M":true,"q":"21550.00000000","s":"DOCKBTC","a":4069083,"T":1595632595175,"e":"aggTrade","p":"0.00000140","f":6498172},{"m":true,"E":1595632596614,"l":6498175,"M":true,"q":"3369.00000000","s":"DOCKBTC","a":4069084,"T":1595632596612,"e":"aggTrade","p":"0.00000140","f":6498173},{"m":true,"E":1595632596620,"l":6498176,"M":true,"q":"78.00000000","s":"DOCKBTC","a":4069085,"T":1595632596619,"e":"aggTrade","p":"0.00000140","f":6498176},{"m":true,"E":1595632597315,"l":6498179,"M":true,"q":"932.00000000","s":"DOCKBTC","a":4069086,"T":1595632597314,"e":"aggTrade","p":"0.00000140","f":6498177},{"m":true,"E":1595632603421,"l":6498180,"M":true,"q":"2127.00000000","s":"DOCKBTC","a":4069087,"T":1595632603420,"e":"aggTrade","p":"0.00000140","f":6498180}],[{"m":false,"E":1595646884755,"l":6498746,"M":true,"q":"49531.00000000","s":"DOCKBTC","a":4069376,"T":1595646884754,"e":"aggTrade","p":"0.00000136","f":6498743},{"m":true,"E":1595646886773,"l":6498747,"M":true,"q":"74.00000000","s":"DOCKBTC","a":4069377,"T":1595646886772,"e":"aggTrade","p":"0.00000135","f":6498747},{"m":false,"E":1595646924052,"l":6498748,"M":true,"q":"39910.00000000","s":"DOCKBTC","a":4069378,"T":1595646924051,"e":"aggTrade","p":"0.00000136","f":6498748},{"m":true,"E":1595646932507,"l":6498826,"M":true,"q":"1344174.00000000","s":"DOCKBTC","a":4069379,"T":1595646932501,"e":"aggTrade","p":"0.00000135","f":6498749},{"m":false,"E":1595646932514,"l":6498827,"M":true,"q":"79298.00000000","s":"DOCKBTC","a":4069380,"T":1595646932513,"e":"aggTrade","p":"0.00000135","f":6498827},{"m":false,"E":1595646932516,"l":6498828,"M":true,"q":"76739.00000000","s":"DOCKBTC","a":4069381,"T":1595646932514,"e":"aggTrade","p":"0.00000135","f":6498828},{"m":false,"E":1595646932518,"l":6498829,"M":true,"q":"18410.00000000","s":"DOCKBTC","a":4069382,"T":1595646932516,"e":"aggTrade","p":"0.00000135","f":6498829},{"m":true,"E":1595646939246,"l":6498830,"M":true,"q":"74.00000000","s":"DOCKBTC","a":4069383,"T":1595646939245,"e":"aggTrade","p":"0.00000134","f":6498830},{"m":true,"E":1595646939246,"l":6498831,"M":true,"q":"11750.00000000","s":"DOCKBTC","a":4069384,"T":1595646939245,"e":"aggTrade","p":"0.00000134","f":6498831},{"m":false,"E":1595646940845,"l":6498832,"M":true,"q":"369.00000000","s":"DOCKBTC","a":4069385,"T":1595646940843,"e":"aggTrade","p":"0.00000135","f":6498832},{"m":false,"E":1595646944914,"l":6498833,"M":true,"q":"110.00000000","s":"DOCKBTC","a":4069386,"T":1595646944913,"e":"aggTrade","p":"0.00000135","f":6498833},{"m":false,"E":1595646945223,"l":6498834,"M":true,"q":"99924.00000000","s":"DOCKBTC","a":4069387,"T":1595646945222,"e":"aggTrade","p":"0.00000135","f":6498834},{"m":false,"E":1595646945448,"l":6498835,"M":true,"q":"2555.00000000","s":"DOCKBTC","a":4069388,"T":1595646945447,"e":"aggTrade","p":"0.00000135","f":6498835},{"m":true,"E":1595646945715,"l":6498836,"M":true,"q":"74.00000000","s":"DOCKBTC","a":4069389,"T":1595646945714,"e":"aggTrade","p":"0.00000134","f":6498836},{"m":false,"E":1595646946430,"l":6498837,"M":true,"q":"78647.00000000","s":"DOCKBTC","a":4069390,"T":1595646946429,"e":"aggTrade","p":"0.00000135","f":6498837},{"m":true,"E":1595646951949,"l":6498838,"M":true,"q":"74.00000000","s":"DOCKBTC","a":4069391,"T":1595646951948,"e":"aggTrade","p":"0.00000134","f":6498838},{"m":false,"E":1595646964106,"l":6498839,"M":true,"q":"16618.00000000","s":"DOCKBTC","a":4069392,"T":1595646964105,"e":"aggTrade","p":"0.00000135","f":6498839},{"m":true,"E":1595646969730,"l":6498840,"M":true,"q":"74.00000000","s":"DOCKBTC","a":4069393,"T":1595646969729,"e":"aggTrade","p":"0.00000134","f":6498840},{"m":false,"E":1595646969908,"l":6498841,"M":true,"q":"31768.00000000","s":"DOCKBTC","a":4069394,"T":1595646969907,"e":"aggTrade","p":"0.00000135","f":6498841},{"m":false,"E":1595646970222,"l":6498842,"M":true,"q":"35287.00000000","s":"DOCKBTC","a":4069395,"T":1595646970221,"e":"aggTrade","p":"0.00000135","f":6498842},{"m":false,"E":1595646970333,"l":6498843,"M":true,"q":"33974.00000000","s":"DOCKBTC","a":4069396,"T":1595646970332,"e":"aggTrade","p":"0.00000135","f":6498843},{"m":false,"E":1595646970435,"l":6498844,"M":true,"q":"36994.00000000","s":"DOCKBTC","a":4069397,"T":1595646970432,"e":"aggTrade","p":"0.00000135","f":6498844},{"m":false,"E":1595646972010,"l":6498845,"M":true,"q":"4877.00000000","s":"DOCKBTC","a":4069398,"T":1595646972009,"e":"aggTrade","p":"0.00000135","f":6498845},{"m":false,"E":1595646975393,"l":6498846,"M":true,"q":"2222.00000000","s":"DOCKBTC","a":4069399,"T":1595646975392,"e":"aggTrade","p":"0.00000135","f":6498846},{"m":false,"E":1595646977114,"l":6498851,"M":true,"q":"154422.00000000","s":"DOCKBTC","a":4069400,"T":1595646977113,"e":"aggTrade","p":"0.00000135","f":6498847},{"m":false,"E":1595646980630,"l":6498852,"M":true,"q":"190.00000000","s":"DOCKBTC","a":4069401,"T":1595646980629,"e":"aggTrade","p":"0.00000135","f":6498852},{"m":false,"E":1595646983319,"l":6498853,"M":true,"q":"218.00000000","s":"DOCKBTC","a":4069402,"T":1595646983317,"e":"aggTrade","p":"0.00000135","f":6498853},{"m":true,"E":1595646983329,"l":6498854,"M":true,"q":"74.00000000","s":"DOCKBTC","a":4069403,"T":1595646983328,"e":"aggTrade","p":"0.00000134","f":6498854},{"m":false,"E":1595646987642,"l":6498856,"M":true,"q":"8268.00000000","s":"DOCKBTC","a":4069404,"T":1595646987641,"e":"aggTrade","p":"0.00000135","f":6498855},{"m":true,"E":1595646988397,"l":6498857,"M":true,"q":"74.00000000","s":"DOCKBTC","a":4069405,"T":1595646988396,"e":"aggTrade","p":"0.00000134","f":6498857}]]},{"peak":"22.08732197|450,-7.52621838|210,3.26958667|60,-9.10275907|570,3.75841842|90,-6.03907638|330,4.41829485|360,-3.97965952|870,5.21777581|360,-8.38077887|360,6.83215668|1230,-12.35928144|2340,3.01796407|660,-9.38453713|1470,8.95218718|1920,-6.69987547|1890,3.91033624|900,-5.06169731|450,17.95517502|540,-22.26572696|2700,7.83085356|1890,-4.02921179|930,5.26315789|1230,-4.18743769|900,3.68893320|1320,-7.49354005|450,3.79844961|30,-3.98653896|660,4.97023039|1863,-6.65439243|2330","transactionList":[{},{},{},{},{},{},{},{},{},{},{},{},{},{},{},{},{},{},{},{},{},{},{},{},{},{},{},{},{},{}]},{"peak":"7.38522954|1020,-6.53465347|2100,4.95049505|480,-3.92156863|330,12.74509804|2070,-4.35571688|600,15.60798548|930,-9.63855422|570,3.27022375|180,-3.80622837|120,4.32525952|150,-6.34920635|510,5.46737213|1140,-10.12891344|5070,6.44567219|1920,-6.25000000|720,10.29411765|3210,-9.89010989|4110,6.22710623|2016,-6.42201835|1194,3.85321101|105,-5.20446097|1177","transactionList":[{},{},{},{},{},{},{},{},{},{},{},{},{},{},{},{},{},{},{},{},{},{}]},{"peak":"-5.90809628|1710,7.22100656|2010,-6.06060606|60,3.89610390|300,-3.44827586|600,7.54310345|2880,-4.39330544|390,11.50627615|1410,-3.89863548|900,4.09356725|930,-13.61702128|3510,4.89361702|210,-4.22832981|270,3.59408034|720,-11.36363636|1350,3.63636364|60,-4.10958904|120,6.16438356|420,-4.49438202|990,7.86516854|2640,-3.89610390|630,9.95670996|1410,-5.39419087|240,3.94190871|420,-6.14406780|390,23.09322034|2100,-10.45627376|162,4.75285171|162,-4.35606061|111,5.49242424|207,-13.44195519|621,7.12830957|922,-4.99001996|200,5.78842315|193,-3.51562500|100","transactionList":[{},{},{},{},{},{},{},{},{},{},{},{},{},{},{},{},{},{},{},{},{},{},{},{},{},{},{},{},{},{},{},{},{},{},{}]},{"peak":"9.61240310|240,-5.20833333|840,6.99404762|450,-5.11695906|420,16.95906433|330,-4.84927916|60,5.89777195|180,-8.89487871|360,5.79514825|60,-7.97799175|390,6.60247593|600,-9.61810467|1080,6.64780764|1500,-8.48920863|2220,10.93525180|1110,-3.21285141|240,23.15930388|1620,-13.72064277|1260,5.06798517|330,-8.28025478|510,3.69426752|210,-6.12777053|420,24.11994785|960,-3.93013100|60,15.06550218|330,-4.66732870|60,35.94836147|390,-12.12121212|210,15.64291564|390,-7.45814307|150,9.43683409|210,-15.04000000|330,11.12000000|90,-13.94585726|570,5.74241181|120,-4.62662338|240,10.55194805|420,-3.81097561|120,7.01219512|870,-8.41698842|390,3.39768340|540,-13.09121622|1920,43.91891892|1140,-4.22018349|60,20.12232416|60,-15.59741024|210,6.12124779|60,-9.47176685|150,9.10746812|90,-6.77361854|270,17.94414736|90,-15.74344023|240,15.10204082|90,-28.68318123|210,4.82398957|510,-5.16677567|210,6.27861347|390,-3.10913706|30,5.13959391|90,-13.49315068|738,18.08219178|528,-9.66921120|90,11.13231552|123,-18.36043360|234,3.11653117|90,-3.46702923|147,13.80013596|306,-9.05537459|119,7.16612378|181,-5.24632118|75,6.46193218|91,-4.65408805|137,9.62264151|209,-7.59259259|210,-7.72558714|319,9.51792336|134","transactionList":[{},{},{},{},{},{},{},{},{},{},{},{},{},{},{},{},{},{},{},{},{},{},{},{},{},{},{},{},{},{},{},{},{},{},{},{},{},{},{},{},{},{},{},{},{},{},{},{},{},{},{},{},{},{},{},{},{},{},{},{},{},{},{},{},{},{},{},{},{},{},{},{},{},{},[{"m":false,"E":1595624228410,"l":6502459,"M":true,"q":"25.00000000","s":"BLZBTC","a":4941929,"T":1595624228408,"e":"aggTrade","p":"0.00000811","f":6502459},{"m":false,"E":1595624252893,"l":6502460,"M":true,"q":"20.00000000","s":"BLZBTC","a":4941930,"T":1595624252892,"e":"aggTrade","p":"0.00000811","f":6502460},{"m":false,"E":1595624252916,"l":6502461,"M":true,"q":"3330.00000000","s":"BLZBTC","a":4941931,"T":1595624252915,"e":"aggTrade","p":"0.00000811","f":6502461},{"m":true,"E":1595624262512,"l":6502463,"M":true,"q":"2130.00000000","s":"BLZBTC","a":4941932,"T":1595624262510,"e":"aggTrade","p":"0.00000810","f":6502462},{"m":false,"E":1595624285692,"l":6502464,"M":true,"q":"407.00000000","s":"BLZBTC","a":4941933,"T":1595624285691,"e":"aggTrade","p":"0.00000810","f":6502464},{"m":false,"E":1595624318388,"l":6502465,"M":true,"q":"16.00000000","s":"BLZBTC","a":4941934,"T":1595624318387,"e":"aggTrade","p":"0.00000810","f":6502465}],[{"m":true,"E":1595632244958,"l":6504606,"M":true,"q":"14.00000000","s":"BLZBTC","a":4943078,"T":1595632244956,"e":"aggTrade","p":"0.00000874","f":6504606},{"m":false,"E":1595632244971,"l":6504607,"M":true,"q":"571.00000000","s":"BLZBTC","a":4943079,"T":1595632244969,"e":"aggTrade","p":"0.00000877","f":6504607},{"m":false,"E":1595632245038,"l":6504608,"M":true,"q":"23.00000000","s":"BLZBTC","a":4943080,"T":1595632245037,"e":"aggTrade","p":"0.00000877","f":6504608},{"m":false,"E":1595632245059,"l":6504609,"M":true,"q":"21.00000000","s":"BLZBTC","a":4943081,"T":1595632245058,"e":"aggTrade","p":"0.00000877","f":6504609},{"m":true,"E":1595632245097,"l":6504610,"M":true,"q":"12.00000000","s":"BLZBTC","a":4943082,"T":1595632245095,"e":"aggTrade","p":"0.00000874","f":6504610},{"m":true,"E":1595632245119,"l":6504611,"M":true,"q":"35.00000000","s":"BLZBTC","a":4943083,"T":1595632245118,"e":"aggTrade","p":"0.00000874","f":6504611},{"m":true,"E":1595632245152,"l":6504612,"M":true,"q":"25.00000000","s":"BLZBTC","a":4943084,"T":1595632245151,"e":"aggTrade","p":"0.00000874","f":6504612},{"m":false,"E":1595632245283,"l":6504613,"M":true,"q":"13.00000000","s":"BLZBTC","a":4943085,"T":1595632245282,"e":"aggTrade","p":"0.00000877","f":6504613},{"m":true,"E":1595632245400,"l":6504614,"M":true,"q":"14.00000000","s":"BLZBTC","a":4943086,"T":1595632245399,"e":"aggTrade","p":"0.00000874","f":6504614},{"m":false,"E":1595632245460,"l":6504615,"M":true,"q":"23.00000000","s":"BLZBTC","a":4943087,"T":1595632245459,"e":"aggTrade","p":"0.00000877","f":6504615},{"m":false,"E":1595632245594,"l":6504616,"M":true,"q":"23.00000000","s":"BLZBTC","a":4943088,"T":1595632245592,"e":"aggTrade","p":"0.00000877","f":6504616},{"m":true,"E":1595632245624,"l":6504617,"M":true,"q":"61.00000000","s":"BLZBTC","a":4943089,"T":1595632245623,"e":"aggTrade","p":"0.00000874","f":6504617},{"m":true,"E":1595632245878,"l":6504618,"M":true,"q":"14.00000000","s":"BLZBTC","a":4943090,"T":1595632245877,"e":"aggTrade","p":"0.00000874","f":6504618},{"m":false,"E":1595632245893,"l":6504619,"M":true,"q":"21.00000000","s":"BLZBTC","a":4943091,"T":1595632245891,"e":"aggTrade","p":"0.00000877","f":6504619},{"m":false,"E":1595632245915,"l":6504620,"M":true,"q":"35.00000000","s":"BLZBTC","a":4943092,"T":1595632245914,"e":"aggTrade","p":"0.00000877","f":6504620},{"m":false,"E":1595632245943,"l":6504621,"M":true,"q":"13.00000000","s":"BLZBTC","a":4943093,"T":1595632245942,"e":"aggTrade","p":"0.00000877","f":6504621},{"m":false,"E":1595632246049,"l":6504622,"M":true,"q":"12.00000000","s":"BLZBTC","a":4943094,"T":1595632246048,"e":"aggTrade","p":"0.00000877","f":6504622},{"m":false,"E":1595632246490,"l":6504623,"M":true,"q":"12.00000000","s":"BLZBTC","a":4943095,"T":1595632246489,"e":"aggTrade","p":"0.00000877","f":6504623},{"m":false,"E":1595632246517,"l":6504624,"M":true,"q":"58.00000000","s":"BLZBTC","a":4943096,"T":1595632246516,"e":"aggTrade","p":"0.00000877","f":6504624},{"m":true,"E":1595632246624,"l":6504625,"M":true,"q":"14.00000000","s":"BLZBTC","a":4943097,"T":1595632246622,"e":"aggTrade","p":"0.00000875","f":6504625},{"m":true,"E":1595632246624,"l":6504626,"M":true,"q":"14.00000000","s":"BLZBTC","a":4943098,"T":1595632246622,"e":"aggTrade","p":"0.00000874","f":6504626},{"m":false,"E":1595632246989,"l":6504627,"M":true,"q":"12.00000000","s":"BLZBTC","a":4943099,"T":1595632246988,"e":"aggTrade","p":"0.00000877","f":6504627},{"m":false,"E":1595632247313,"l":6504628,"M":true,"q":"23.00000000","s":"BLZBTC","a":4943100,"T":1595632247312,"e":"aggTrade","p":"0.00000877","f":6504628},{"m":true,"E":1595632254070,"l":6504629,"M":true,"q":"115.00000000","s":"BLZBTC","a":4943101,"T":1595632254069,"e":"aggTrade","p":"0.00000874","f":6504629},{"m":true,"E":1595632254377,"l":6504630,"M":true,"q":"11269.00000000","s":"BLZBTC","a":4943102,"T":1595632254376,"e":"aggTrade","p":"0.00000874","f":6504630},{"m":false,"E":1595632257798,"l":6504631,"M":true,"q":"470.00000000","s":"BLZBTC","a":4943103,"T":1595632257797,"e":"aggTrade","p":"0.00000876","f":6504631},{"m":false,"E":1595632257820,"l":6504632,"M":true,"q":"2740.00000000","s":"BLZBTC","a":4943104,"T":1595632257818,"e":"aggTrade","p":"0.00000876","f":6504632},{"m":false,"E":1595632257820,"l":6504633,"M":true,"q":"3224.00000000","s":"BLZBTC","a":4943105,"T":1595632257818,"e":"aggTrade","p":"0.00000877","f":6504633},{"m":false,"E":1595632257820,"l":6504638,"M":true,"q":"49214.00000000","s":"BLZBTC","a":4943106,"T":1595632257818,"e":"aggTrade","p":"0.00000878","f":6504634},{"m":true,"E":1595632257973,"l":6504639,"M":true,"q":"967.00000000","s":"BLZBTC","a":4943107,"T":1595632257972,"e":"aggTrade","p":"0.00000874","f":6504639},{"m":true,"E":1595632260523,"l":6504640,"M":true,"q":"506.00000000","s":"BLZBTC","a":4943108,"T":1595632260522,"e":"aggTrade","p":"0.00000874","f":6504640},{"m":true,"E":1595632262247,"l":6504641,"M":true,"q":"81.00000000","s":"BLZBTC","a":4943109,"T":1595632262246,"e":"aggTrade","p":"0.00000874","f":6504641},{"m":false,"E":1595632263650,"l":6504642,"M":true,"q":"2551.00000000","s":"BLZBTC","a":4943110,"T":1595632263649,"e":"aggTrade","p":"0.00000877","f":6504642},{"m":true,"E":1595632265686,"l":6504643,"M":true,"q":"338.00000000","s":"BLZBTC","a":4943111,"T":1595632265685,"e":"aggTrade","p":"0.00000877","f":6504643},{"m":true,"E":1595632265701,"l":6504644,"M":true,"q":"8283.00000000","s":"BLZBTC","a":4943112,"T":1595632265700,"e":"aggTrade","p":"0.00000877","f":6504644},{"m":true,"E":1595632265722,"l":6504645,"M":true,"q":"1027.00000000","s":"BLZBTC","a":4943113,"T":1595632265721,"e":"aggTrade","p":"0.00000877","f":6504645},{"m":true,"E":1595632265825,"l":6504646,"M":true,"q":"936.00000000","s":"BLZBTC","a":4943114,"T":1595632265823,"e":"aggTrade","p":"0.00000877","f":6504646},{"m":false,"E":1595632267928,"l":6504647,"M":true,"q":"684.00000000","s":"BLZBTC","a":4943115,"T":1595632267927,"e":"aggTrade","p":"0.00000878","f":6504647},{"m":false,"E":1595632268663,"l":6504651,"M":true,"q":"4868.00000000","s":"BLZBTC","a":4943116,"T":1595632268661,"e":"aggTrade","p":"0.00000878","f":6504648},{"m":false,"E":1595632268663,"l":6504658,"M":true,"q":"6432.00000000","s":"BLZBTC","a":4943117,"T":1595632268661,"e":"aggTrade","p":"0.00000879","f":6504652},{"m":false,"E":1595632270224,"l":6504659,"M":true,"q":"48.00000000","s":"BLZBTC","a":4943118,"T":1595632270223,"e":"aggTrade","p":"0.00000879","f":6504659},{"m":false,"E":1595632272584,"l":6504664,"M":true,"q":"881.00000000","s":"BLZBTC","a":4943119,"T":1595632272578,"e":"aggTrade","p":"0.00000879","f":6504660},{"m":false,"E":1595632272584,"l":6504691,"M":true,"q":"29542.00000000","s":"BLZBTC","a":4943120,"T":1595632272578,"e":"aggTrade","p":"0.00000880","f":6504665},{"m":false,"E":1595632272584,"l":6504697,"M":true,"q":"9310.00000000","s":"BLZBTC","a":4943121,"T":1595632272578,"e":"aggTrade","p":"0.00000881","f":6504692},{"m":false,"E":1595632272584,"l":6504701,"M":true,"q":"28529.00000000","s":"BLZBTC","a":4943122,"T":1595632272578,"e":"aggTrade","p":"0.00000882","f":6504698},{"m":true,"E":1595632272987,"l":6504702,"M":true,"q":"140.00000000","s":"BLZBTC","a":4943123,"T":1595632272985,"e":"aggTrade","p":"0.00000878","f":6504702},{"m":false,"E":1595632275148,"l":6504703,"M":true,"q":"567.00000000","s":"BLZBTC","a":4943124,"T":1595632275147,"e":"aggTrade","p":"0.00000881","f":6504703},{"m":false,"E":1595632275283,"l":6504704,"M":true,"q":"23.00000000","s":"BLZBTC","a":4943125,"T":1595632275282,"e":"aggTrade","p":"0.00000881","f":6504704},{"m":false,"E":1595632275318,"l":6504705,"M":true,"q":"21.00000000","s":"BLZBTC","a":4943126,"T":1595632275317,"e":"aggTrade","p":"0.00000881","f":6504705},{"m":false,"E":1595632275450,"l":6504706,"M":true,"q":"23.00000000","s":"BLZBTC","a":4943127,"T":1595632275449,"e":"aggTrade","p":"0.00000881","f":6504706},{"m":true,"E":1595632275534,"l":6504707,"M":true,"q":"348.00000000","s":"BLZBTC","a":4943128,"T":1595632275533,"e":"aggTrade","p":"0.00000879","f":6504707},{"m":false,"E":1595632275575,"l":6504708,"M":true,"q":"23.00000000","s":"BLZBTC","a":4943129,"T":1595632275574,"e":"aggTrade","p":"0.00000881","f":6504708},{"m":false,"E":1595632275600,"l":6504709,"M":true,"q":"21.00000000","s":"BLZBTC","a":4943130,"T":1595632275599,"e":"aggTrade","p":"0.00000881","f":6504709},{"m":false,"E":1595632275773,"l":6504710,"M":true,"q":"12.00000000","s":"BLZBTC","a":4943131,"T":1595632275771,"e":"aggTrade","p":"0.00000881","f":6504710},{"m":false,"E":1595632275836,"l":6504711,"M":true,"q":"57.00000000","s":"BLZBTC","a":4943132,"T":1595632275835,"e":"aggTrade","p":"0.00000881","f":6504711},{"m":false,"E":1595632275902,"l":6504712,"M":true,"q":"23.00000000","s":"BLZBTC","a":4943133,"T":1595632275901,"e":"aggTrade","p":"0.00000881","f":6504712},{"m":false,"E":1595632276229,"l":6504713,"M":true,"q":"341.00000000","s":"BLZBTC","a":4943134,"T":1595632276227,"e":"aggTrade","p":"0.00000881","f":6504713},{"m":false,"E":1595632276276,"l":6504714,"M":true,"q":"12.00000000","s":"BLZBTC","a":4943135,"T":1595632276275,"e":"aggTrade","p":"0.00000881","f":6504714},{"m":false,"E":1595632276685,"l":6504715,"M":true,"q":"12.00000000","s":"BLZBTC","a":4943136,"T":1595632276684,"e":"aggTrade","p":"0.00000881","f":6504715},{"m":false,"E":1595632278101,"l":6504716,"M":true,"q":"198.00000000","s":"BLZBTC","a":4943137,"T":1595632278100,"e":"aggTrade","p":"0.00000881","f":6504716},{"m":true,"E":1595632278125,"l":6504717,"M":true,"q":"942.00000000","s":"BLZBTC","a":4943138,"T":1595632278123,"e":"aggTrade","p":"0.00000881","f":6504717},{"m":true,"E":1595632278175,"l":6504718,"M":true,"q":"960.00000000","s":"BLZBTC","a":4943139,"T":1595632278174,"e":"aggTrade","p":"0.00000881","f":6504718},{"m":true,"E":1595632278249,"l":6504719,"M":true,"q":"295.00000000","s":"BLZBTC","a":4943140,"T":1595632278248,"e":"aggTrade","p":"0.00000881","f":6504719},{"m":false,"E":1595632279426,"l":6504724,"M":true,"q":"3238.00000000","s":"BLZBTC","a":4943141,"T":1595632279423,"e":"aggTrade","p":"0.00000882","f":6504720},{"m":false,"E":1595632279426,"l":6504734,"M":true,"q":"5942.00000000","s":"BLZBTC","a":4943142,"T":1595632279423,"e":"aggTrade","p":"0.00000883","f":6504725},{"m":false,"E":1595632280392,"l":6504736,"M":true,"q":"33488.00000000","s":"BLZBTC","a":4943143,"T":1595632280390,"e":"aggTrade","p":"0.00000883","f":6504735},{"m":false,"E":1595632280772,"l":6504737,"M":true,"q":"7733.00000000","s":"BLZBTC","a":4943144,"T":1595632280769,"e":"aggTrade","p":"0.00000883","f":6504737},{"m":false,"E":1595632280772,"l":6504752,"M":true,"q":"12884.00000000","s":"BLZBTC","a":4943145,"T":1595632280769,"e":"aggTrade","p":"0.00000884","f":6504738},{"m":true,"E":1595632280863,"l":6504753,"M":true,"q":"3388.00000000","s":"BLZBTC","a":4943146,"T":1595632280862,"e":"aggTrade","p":"0.00000884","f":6504753},{"m":true,"E":1595632280868,"l":6504754,"M":true,"q":"3233.00000000","s":"BLZBTC","a":4943147,"T":1595632280867,"e":"aggTrade","p":"0.00000884","f":6504754},{"m":true,"E":1595632280908,"l":6504755,"M":true,"q":"70.00000000","s":"BLZBTC","a":4943148,"T":1595632280906,"e":"aggTrade","p":"0.00000884","f":6504755},{"m":true,"E":1595632280932,"l":6504758,"M":true,"q":"6569.00000000","s":"BLZBTC","a":4943149,"T":1595632280931,"e":"aggTrade","p":"0.00000884","f":6504756},{"m":false,"E":1595632282042,"l":6504760,"M":true,"q":"113.00000000","s":"BLZBTC","a":4943150,"T":1595632282041,"e":"aggTrade","p":"0.00000885","f":6504759},{"m":false,"E":1595632283015,"l":6504761,"M":true,"q":"21.00000000","s":"BLZBTC","a":4943151,"T":1595632283012,"e":"aggTrade","p":"0.00000885","f":6504761},{"m":false,"E":1595632283056,"l":6504762,"M":true,"q":"23.00000000","s":"BLZBTC","a":4943152,"T":1595632283055,"e":"aggTrade","p":"0.00000885","f":6504762},{"m":false,"E":1595632283144,"l":6504763,"M":true,"q":"23.00000000","s":"BLZBTC","a":4943153,"T":1595632283143,"e":"aggTrade","p":"0.00000885","f":6504763},{"m":false,"E":1595632283222,"l":6504767,"M":true,"q":"6215.00000000","s":"BLZBTC","a":4943154,"T":1595632283221,"e":"aggTrade","p":"0.00000885","f":6504764},{"m":false,"E":1595632283331,"l":6504768,"M":true,"q":"23.00000000","s":"BLZBTC","a":4943155,"T":1595632283329,"e":"aggTrade","p":"0.00000885","f":6504768},{"m":false,"E":1595632283602,"l":6504769,"M":true,"q":"12.00000000","s":"BLZBTC","a":4943156,"T":1595632283601,"e":"aggTrade","p":"0.00000885","f":6504769},{"m":false,"E":1595632283704,"l":6504770,"M":true,"q":"23.00000000","s":"BLZBTC","a":4943157,"T":1595632283702,"e":"aggTrade","p":"0.00000885","f":6504770},{"m":false,"E":1595632283714,"l":6504771,"M":true,"q":"12.00000000","s":"BLZBTC","a":4943158,"T":1595632283713,"e":"aggTrade","p":"0.00000885","f":6504771},{"m":false,"E":1595632283817,"l":6504772,"M":true,"q":"7733.00000000","s":"BLZBTC","a":4943159,"T":1595632283816,"e":"aggTrade","p":"0.00000885","f":6504772},{"m":false,"E":1595632283911,"l":6504773,"M":true,"q":"21.00000000","s":"BLZBTC","a":4943160,"T":1595632283910,"e":"aggTrade","p":"0.00000885","f":6504773},{"m":false,"E":1595632284064,"l":6504774,"M":true,"q":"2170.00000000","s":"BLZBTC","a":4943161,"T":1595632284063,"e":"aggTrade","p":"0.00000885","f":6504774},{"m":true,"E":1595632284099,"l":6504775,"M":true,"q":"1548.00000000","s":"BLZBTC","a":4943162,"T":1595632284098,"e":"aggTrade","p":"0.00000883","f":6504775},{"m":false,"E":1595632284596,"l":6504776,"M":true,"q":"14062.00000000","s":"BLZBTC","a":4943163,"T":1595632284595,"e":"aggTrade","p":"0.00000885","f":6504776},{"m":true,"E":1595632286892,"l":6504777,"M":true,"q":"34.00000000","s":"BLZBTC","a":4943164,"T":1595632286891,"e":"aggTrade","p":"0.00000883","f":6504777},{"m":false,"E":1595632287165,"l":6504778,"M":true,"q":"509.00000000","s":"BLZBTC","a":4943165,"T":1595632287164,"e":"aggTrade","p":"0.00000885","f":6504778},{"m":false,"E":1595632287187,"l":6504779,"M":true,"q":"2477.00000000","s":"BLZBTC","a":4943166,"T":1595632287186,"e":"aggTrade","p":"0.00000885","f":6504779},{"m":false,"E":1595632289164,"l":6504780,"M":true,"q":"1345.00000000","s":"BLZBTC","a":4943167,"T":1595632289163,"e":"aggTrade","p":"0.00000885","f":6504780},{"m":false,"E":1595632289281,"l":6504781,"M":true,"q":"152.00000000","s":"BLZBTC","a":4943168,"T":1595632289280,"e":"aggTrade","p":"0.00000885","f":6504781},{"m":true,"E":1595632291242,"l":6504782,"M":true,"q":"1947.00000000","s":"BLZBTC","a":4943169,"T":1595632291240,"e":"aggTrade","p":"0.00000883","f":6504782},{"m":false,"E":1595632292086,"l":6504783,"M":true,"q":"2729.00000000","s":"BLZBTC","a":4943170,"T":1595632292085,"e":"aggTrade","p":"0.00000885","f":6504783},{"m":false,"E":1595632292322,"l":6504784,"M":true,"q":"119.00000000","s":"BLZBTC","a":4943171,"T":1595632292321,"e":"aggTrade","p":"0.00000885","f":6504784},{"m":false,"E":1595632292484,"l":6504785,"M":true,"q":"2362.00000000","s":"BLZBTC","a":4943172,"T":1595632292483,"e":"aggTrade","p":"0.00000885","f":6504785},{"m":true,"E":1595632294345,"l":6504786,"M":true,"q":"260.00000000","s":"BLZBTC","a":4943173,"T":1595632294345,"e":"aggTrade","p":"0.00000883","f":6504786},{"m":false,"E":1595632297269,"l":6504787,"M":true,"q":"28.00000000","s":"BLZBTC","a":4943174,"T":1595632297268,"e":"aggTrade","p":"0.00000885","f":6504787},{"m":false,"E":1595632297461,"l":6504790,"M":true,"q":"7329.00000000","s":"BLZBTC","a":4943175,"T":1595632297460,"e":"aggTrade","p":"0.00000885","f":6504788},{"m":false,"E":1595632299089,"l":6504793,"M":true,"q":"2087.00000000","s":"BLZBTC","a":4943176,"T":1595632299087,"e":"aggTrade","p":"0.00000885","f":6504791},{"m":true,"E":1595632300744,"l":6504794,"M":true,"q":"6490.00000000","s":"BLZBTC","a":4943177,"T":1595632300743,"e":"aggTrade","p":"0.00000885","f":6504794},{"m":false,"E":1595632302564,"l":6504795,"M":true,"q":"57.00000000","s":"BLZBTC","a":4943178,"T":1595632302563,"e":"aggTrade","p":"0.00000886","f":6504795},{"m":false,"E":1595632304131,"l":6504797,"M":true,"q":"494.00000000","s":"BLZBTC","a":4943179,"T":1595632304130,"e":"aggTrade","p":"0.00000886","f":6504796},{"m":true,"E":1595632304213,"l":6504798,"M":true,"q":"71.00000000","s":"BLZBTC","a":4943180,"T":1595632304211,"e":"aggTrade","p":"0.00000886","f":6504798},{"m":true,"E":1595632306313,"l":6504799,"M":true,"q":"537.00000000","s":"BLZBTC","a":4943181,"T":1595632306312,"e":"aggTrade","p":"0.00000885","f":6504799},{"m":true,"E":1595632308053,"l":6504800,"M":true,"q":"116.00000000","s":"BLZBTC","a":4943182,"T":1595632308052,"e":"aggTrade","p":"0.00000885","f":6504800},{"m":true,"E":1595632312101,"l":6504803,"M":true,"q":"31151.00000000","s":"BLZBTC","a":4943183,"T":1595632312099,"e":"aggTrade","p":"0.00000885","f":6504801},{"m":true,"E":1595632312101,"l":6504810,"M":true,"q":"12541.00000000","s":"BLZBTC","a":4943184,"T":1595632312099,"e":"aggTrade","p":"0.00000883","f":6504804},{"m":true,"E":1595632312101,"l":6504814,"M":true,"q":"15522.00000000","s":"BLZBTC","a":4943185,"T":1595632312099,"e":"aggTrade","p":"0.00000881","f":6504811},{"m":false,"E":1595632312106,"l":6504815,"M":true,"q":"9048.00000000","s":"BLZBTC","a":4943186,"T":1595632312105,"e":"aggTrade","p":"0.00000881","f":6504815},{"m":true,"E":1595632312132,"l":6504816,"M":true,"q":"1049.00000000","s":"BLZBTC","a":4943187,"T":1595632312130,"e":"aggTrade","p":"0.00000881","f":6504816},{"m":true,"E":1595632312132,"l":6504817,"M":true,"q":"120.00000000","s":"BLZBTC","a":4943188,"T":1595632312130,"e":"aggTrade","p":"0.00000880","f":6504817},{"m":true,"E":1595632312132,"l":6504821,"M":true,"q":"797.00000000","s":"BLZBTC","a":4943189,"T":1595632312130,"e":"aggTrade","p":"0.00000879","f":6504818},{"m":true,"E":1595632312132,"l":6504825,"M":true,"q":"3374.00000000","s":"BLZBTC","a":4943190,"T":1595632312130,"e":"aggTrade","p":"0.00000878","f":6504822},{"m":true,"E":1595632312132,"l":6504826,"M":true,"q":"6660.00000000","s":"BLZBTC","a":4943191,"T":1595632312130,"e":"aggTrade","p":"0.00000878","f":6504826},{"m":false,"E":1595632312477,"l":6504827,"M":true,"q":"4385.00000000","s":"BLZBTC","a":4943192,"T":1595632312476,"e":"aggTrade","p":"0.00000885","f":6504827},{"m":true,"E":1595632314155,"l":6504828,"M":true,"q":"12.00000000","s":"BLZBTC","a":4943193,"T":1595632314154,"e":"aggTrade","p":"0.00000879","f":6504828},{"m":true,"E":1595632314187,"l":6504835,"M":true,"q":"235.00000000","s":"BLZBTC","a":4943194,"T":1595632314185,"e":"aggTrade","p":"0.00000877","f":6504829},{"m":true,"E":1595632314189,"l":6504836,"M":true,"q":"553.00000000","s":"BLZBTC","a":4943195,"T":1595632314186,"e":"aggTrade","p":"0.00000877","f":6504836},{"m":true,"E":1595632314189,"l":6504843,"M":true,"q":"163.00000000","s":"BLZBTC","a":4943196,"T":1595632314186,"e":"aggTrade","p":"0.00000876","f":6504837},{"m":true,"E":1595632314189,"l":6504847,"M":true,"q":"545.00000000","s":"BLZBTC","a":4943197,"T":1595632314186,"e":"aggTrade","p":"0.00000875","f":6504844},{"m":true,"E":1595632314189,"l":6504848,"M":true,"q":"110.00000000","s":"BLZBTC","a":4943198,"T":1595632314186,"e":"aggTrade","p":"0.00000874","f":6504848},{"m":true,"E":1595632314234,"l":6504849,"M":true,"q":"115.00000000","s":"BLZBTC","a":4943199,"T":1595632314233,"e":"aggTrade","p":"0.00000874","f":6504849},{"m":true,"E":1595632314340,"l":6504850,"M":true,"q":"1261.00000000","s":"BLZBTC","a":4943200,"T":1595632314339,"e":"aggTrade","p":"0.00000874","f":6504850},{"m":true,"E":1595632314401,"l":6504851,"M":true,"q":"232.00000000","s":"BLZBTC","a":4943201,"T":1595632314400,"e":"aggTrade","p":"0.00000875","f":6504851},{"m":true,"E":1595632314449,"l":6504852,"M":true,"q":"740.00000000","s":"BLZBTC","a":4943202,"T":1595632314448,"e":"aggTrade","p":"0.00000875","f":6504852},{"m":false,"E":1595632314956,"l":6504853,"M":true,"q":"12.00000000","s":"BLZBTC","a":4943203,"T":1595632314955,"e":"aggTrade","p":"0.00000882","f":6504853},{"m":false,"E":1595632314956,"l":6504854,"M":true,"q":"102.00000000","s":"BLZBTC","a":4943204,"T":1595632314955,"e":"aggTrade","p":"0.00000883","f":6504854},{"m":false,"E":1595632315020,"l":6504855,"M":true,"q":"1132.00000000","s":"BLZBTC","a":4943205,"T":1595632315019,"e":"aggTrade","p":"0.00000883","f":6504855},{"m":false,"E":1595632316379,"l":6504857,"M":true,"q":"1616.00000000","s":"BLZBTC","a":4943206,"T":1595632316377,"e":"aggTrade","p":"0.00000882","f":6504856},{"m":false,"E":1595632316379,"l":6504862,"M":true,"q":"2877.00000000","s":"BLZBTC","a":4943207,"T":1595632316377,"e":"aggTrade","p":"0.00000883","f":6504858},{"m":false,"E":1595632316391,"l":6504863,"M":true,"q":"703.00000000","s":"BLZBTC","a":4943208,"T":1595632316390,"e":"aggTrade","p":"0.00000883","f":6504863},{"m":true,"E":1595632318502,"l":6504864,"M":true,"q":"95.00000000","s":"BLZBTC","a":4943209,"T":1595632318501,"e":"aggTrade","p":"0.00000877","f":6504864},{"m":false,"E":1595632323361,"l":6504865,"M":true,"q":"323.00000000","s":"BLZBTC","a":4943210,"T":1595632323360,"e":"aggTrade","p":"0.00000879","f":6504865},{"m":true,"E":1595632324123,"l":6504866,"M":true,"q":"52.00000000","s":"BLZBTC","a":4943211,"T":1595632324120,"e":"aggTrade","p":"0.00000878","f":6504866},{"m":true,"E":1595632324123,"l":6504868,"M":true,"q":"537.00000000","s":"BLZBTC","a":4943212,"T":1595632324120,"e":"aggTrade","p":"0.00000877","f":6504867},{"m":true,"E":1595632324123,"l":6504872,"M":true,"q":"1828.00000000","s":"BLZBTC","a":4943213,"T":1595632324120,"e":"aggTrade","p":"0.00000875","f":6504869},{"m":true,"E":1595632324123,"l":6504875,"M":true,"q":"4407.00000000","s":"BLZBTC","a":4943214,"T":1595632324120,"e":"aggTrade","p":"0.00000874","f":6504873},{"m":true,"E":1595632324123,"l":6504879,"M":true,"q":"13437.00000000","s":"BLZBTC","a":4943215,"T":1595632324120,"e":"aggTrade","p":"0.00000873","f":6504876},{"m":true,"E":1595632325184,"l":6504884,"M":true,"q":"618.00000000","s":"BLZBTC","a":4943216,"T":1595632325180,"e":"aggTrade","p":"0.00000872","f":6504880},{"m":true,"E":1595632325184,"l":6504887,"M":true,"q":"5348.00000000","s":"BLZBTC","a":4943217,"T":1595632325180,"e":"aggTrade","p":"0.00000871","f":6504885},{"m":true,"E":1595632325184,"l":6504893,"M":true,"q":"2279.00000000","s":"BLZBTC","a":4943218,"T":1595632325180,"e":"aggTrade","p":"0.00000870","f":6504888},{"m":true,"E":1595632325184,"l":6504902,"M":true,"q":"3749.00000000","s":"BLZBTC","a":4943219,"T":1595632325180,"e":"aggTrade","p":"0.00000869","f":6504894},{"m":false,"E":1595632325464,"l":6504903,"M":true,"q":"477.00000000","s":"BLZBTC","a":4943220,"T":1595632325463,"e":"aggTrade","p":"0.00000877","f":6504903},{"m":false,"E":1595632330214,"l":6504904,"M":true,"q":"22.00000000","s":"BLZBTC","a":4943221,"T":1595632330213,"e":"aggTrade","p":"0.00000873","f":6504904},{"m":false,"E":1595632330214,"l":6504905,"M":true,"q":"149.00000000","s":"BLZBTC","a":4943222,"T":1595632330213,"e":"aggTrade","p":"0.00000874","f":6504905},{"m":false,"E":1595632333322,"l":6504906,"M":true,"q":"171.00000000","s":"BLZBTC","a":4943223,"T":1595632333320,"e":"aggTrade","p":"0.00000874","f":6504906},{"m":false,"E":1595632335839,"l":6504909,"M":true,"q":"1042.00000000","s":"BLZBTC","a":4943224,"T":1595632335837,"e":"aggTrade","p":"0.00000874","f":6504907},{"m":true,"E":1595632338417,"l":6504920,"M":true,"q":"672.00000000","s":"BLZBTC","a":4943225,"T":1595632338413,"e":"aggTrade","p":"0.00000873","f":6504910},{"m":true,"E":1595632338417,"l":6504921,"M":true,"q":"5046.00000000","s":"BLZBTC","a":4943226,"T":1595632338413,"e":"aggTrade","p":"0.00000869","f":6504921},{"m":true,"E":1595632338417,"l":6504930,"M":true,"q":"18426.00000000","s":"BLZBTC","a":4943227,"T":1595632338413,"e":"aggTrade","p":"0.00000868","f":6504922},{"m":false,"E":1595632338440,"l":6504931,"M":true,"q":"3992.00000000","s":"BLZBTC","a":4943228,"T":1595632338439,"e":"aggTrade","p":"0.00000868","f":6504931},{"m":false,"E":1595632338493,"l":6504932,"M":true,"q":"217.00000000","s":"BLZBTC","a":4943229,"T":1595632338492,"e":"aggTrade","p":"0.00000868","f":6504932},{"m":false,"E":1595632338535,"l":6504933,"M":true,"q":"3959.00000000","s":"BLZBTC","a":4943230,"T":1595632338534,"e":"aggTrade","p":"0.00000868","f":6504933},{"m":false,"E":1595632338596,"l":6504934,"M":true,"q":"200.00000000","s":"BLZBTC","a":4943231,"T":1595632338595,"e":"aggTrade","p":"0.00000868","f":6504934},{"m":false,"E":1595632339218,"l":6504935,"M":true,"q":"191.00000000","s":"BLZBTC","a":4943232,"T":1595632339217,"e":"aggTrade","p":"0.00000868","f":6504935},{"m":false,"E":1595632339332,"l":6504936,"M":true,"q":"196.00000000","s":"BLZBTC","a":4943233,"T":1595632339331,"e":"aggTrade","p":"0.00000868","f":6504936},{"m":true,"E":1595632340320,"l":6504941,"M":true,"q":"294.00000000","s":"BLZBTC","a":4943234,"T":1595632340318,"e":"aggTrade","p":"0.00000867","f":6504937},{"m":false,"E":1595632342861,"l":6504942,"M":true,"q":"172.00000000","s":"BLZBTC","a":4943235,"T":1595632342860,"e":"aggTrade","p":"0.00000868","f":6504942},{"m":true,"E":1595632344598,"l":6504945,"M":true,"q":"50.00000000","s":"BLZBTC","a":4943236,"T":1595632344594,"e":"aggTrade","p":"0.00000867","f":6504943},{"m":true,"E":1595632344598,"l":6504969,"M":true,"q":"1636.00000000","s":"BLZBTC","a":4943237,"T":1595632344594,"e":"aggTrade","p":"0.00000866","f":6504946},{"m":true,"E":1595632344598,"l":6504985,"M":true,"q":"9103.00000000","s":"BLZBTC","a":4943238,"T":1595632344594,"e":"aggTrade","p":"0.00000865","f":6504970},{"m":true,"E":1595632344598,"l":6504989,"M":true,"q":"1447.00000000","s":"BLZBTC","a":4943239,"T":1595632344594,"e":"aggTrade","p":"0.00000864","f":6504986},{"m":true,"E":1595632344598,"l":6504995,"M":true,"q":"2058.00000000","s":"BLZBTC","a":4943240,"T":1595632344594,"e":"aggTrade","p":"0.00000863","f":6504990},{"m":true,"E":1595632344598,"l":6504996,"M":true,"q":"82.00000000","s":"BLZBTC","a":4943241,"T":1595632344594,"e":"aggTrade","p":"0.00000863","f":6504996},{"m":true,"E":1595632344598,"l":6504998,"M":true,"q":"69.00000000","s":"BLZBTC","a":4943242,"T":1595632344594,"e":"aggTrade","p":"0.00000862","f":6504997},{"m":false,"E":1595632345195,"l":6504999,"M":true,"q":"24.00000000","s":"BLZBTC","a":4943243,"T":1595632345194,"e":"aggTrade","p":"0.00000868","f":6504999},{"m":false,"E":1595632345984,"l":6505000,"M":true,"q":"171.00000000","s":"BLZBTC","a":4943244,"T":1595632345983,"e":"aggTrade","p":"0.00000868","f":6505000},{"m":false,"E":1595632349117,"l":6505001,"M":true,"q":"172.00000000","s":"BLZBTC","a":4943245,"T":1595632349115,"e":"aggTrade","p":"0.00000867","f":6505001},{"m":true,"E":1595632349154,"l":6505002,"M":true,"q":"30023.00000000","s":"BLZBTC","a":4943246,"T":1595632349153,"e":"aggTrade","p":"0.00000866","f":6505002},{"m":false,"E":1595632350210,"l":6505004,"M":true,"q":"3854.00000000","s":"BLZBTC","a":4943247,"T":1595632350208,"e":"aggTrade","p":"0.00000866","f":6505003},{"m":false,"E":1595632350210,"l":6505006,"M":true,"q":"7203.00000000","s":"BLZBTC","a":4943248,"T":1595632350208,"e":"aggTrade","p":"0.00000867","f":6505005},{"m":false,"E":1595632351885,"l":6505009,"M":true,"q":"840.00000000","s":"BLZBTC","a":4943249,"T":1595632351884,"e":"aggTrade","p":"0.00000868","f":6505007},{"m":true,"E":1595632356521,"l":6505010,"M":true,"q":"469.00000000","s":"BLZBTC","a":4943250,"T":1595632356520,"e":"aggTrade","p":"0.00000868","f":6505010},{"m":false,"E":1595632363132,"l":6505011,"M":true,"q":"29.00000000","s":"BLZBTC","a":4943251,"T":1595632363131,"e":"aggTrade","p":"0.00000869","f":6505011}]]},{"peak":"11.62324649|330,-3.96640224|120,3.63975735|90,-6.77884615|420,13.70192308|180,-7.69581056|210,7.46812386|150,-5.54561717|150,10.55456172|300,-6.13997424|120,4.16487763|60,-14.75875118|930,10.97445601|750,-15.28255528|2370,5.89680590|240,-5.12195122|240,5.07317073|120,-8.18684078|2280,15.77096936|2340,-7.15946072|990,5.90423059|450,-3.17028986|120,24.86413043|600,-7.19284603|150,22.08398134|90,-15.22935780|360,7.22935780|90,-7.90251108|240,4.72673560|90,-7.87371624|720,10.27006466|630,-8.69891264|930,4.64941882|270,-14.01143791|780,7.55718954|450,-4.40126883|690,15.62252181|570,-5.46112116|180,4.15913201|270,-5.64930301|300,10.30814380|360,-3.51118761|90,4.95697074|300,-4.99311295|240,3.61570248|150,-7.54110079|780,4.89635454|180,-4.56002850|120,5.73566085|780,-10.91180867|900,3.43796712|390,-8.54901961|1110,6.58823529|510,-5.02318393|1050,4.86862442|465,-3.39047619|618,3.00952381|180,-7.51491054|450,3.02186879|305,-4.94127177|492,-5.97137014|702","transactionList":[{},{},{},{},{},{},{},{},{},{},{},{},{},{},{},{},{},{},{},{},{},{},{},{},{},{},{},{},{},{},{},{},{},{},{},{},{},{},{},{},{},{},{},{},{},{},{},{},{},{},{},{},{},{},{},{},{},{},{},{},[{"m":false,"E":1595621957573,"l":6456861,"M":true,"q":"3537.00000000","s":"LRCBTC","a":4891646,"T":1595621957571,"e":"aggTrade","p":"0.00001228","f":6456860},{"m":false,"E":1595621958573,"l":6456862,"M":true,"q":"2927.00000000","s":"LRCBTC","a":4891647,"T":1595621958571,"e":"aggTrade","p":"0.00001228","f":6456862},{"m":false,"E":1595621961969,"l":6456863,"M":true,"q":"874.00000000","s":"LRCBTC","a":4891648,"T":1595621961968,"e":"aggTrade","p":"0.00001229","f":6456863},{"m":false,"E":1595621962074,"l":6456864,"M":true,"q":"1626.00000000","s":"LRCBTC","a":4891649,"T":1595621962072,"e":"aggTrade","p":"0.00001229","f":6456864},{"m":false,"E":1595621982867,"l":6456865,"M":true,"q":"84.00000000","s":"LRCBTC","a":4891650,"T":1595621982866,"e":"aggTrade","p":"0.00001229","f":6456865},{"m":true,"E":1595622002229,"l":6456866,"M":true,"q":"928.00000000","s":"LRCBTC","a":4891651,"T":1595622002227,"e":"aggTrade","p":"0.00001224","f":6456866},{"m":false,"E":1595622011820,"l":6456867,"M":true,"q":"9.00000000","s":"LRCBTC","a":4891652,"T":1595622011819,"e":"aggTrade","p":"0.00001224","f":6456867},{"m":false,"E":1595622019812,"l":6456869,"M":true,"q":"1550.00000000","s":"LRCBTC","a":4891653,"T":1595622019810,"e":"aggTrade","p":"0.00001227","f":6456868},{"m":true,"E":1595622023911,"l":6456873,"M":true,"q":"1627.00000000","s":"LRCBTC","a":4891654,"T":1595622023909,"e":"aggTrade","p":"0.00001221","f":6456870},{"m":true,"E":1595622023911,"l":6456877,"M":true,"q":"35272.00000000","s":"LRCBTC","a":4891655,"T":1595622023909,"e":"aggTrade","p":"0.00001220","f":6456874},{"m":true,"E":1595622024722,"l":6456878,"M":true,"q":"5301.00000000","s":"LRCBTC","a":4891656,"T":1595622024721,"e":"aggTrade","p":"0.00001221","f":6456878},{"m":true,"E":1595622026020,"l":6456879,"M":true,"q":"1360.00000000","s":"LRCBTC","a":4891657,"T":1595622026019,"e":"aggTrade","p":"0.00001220","f":6456879},{"m":false,"E":1595622041393,"l":6456882,"M":true,"q":"1577.00000000","s":"LRCBTC","a":4891658,"T":1595622041390,"e":"aggTrade","p":"0.00001227","f":6456880},{"m":false,"E":1595622041393,"l":6456886,"M":true,"q":"3093.00000000","s":"LRCBTC","a":4891659,"T":1595622041390,"e":"aggTrade","p":"0.00001228","f":6456883},{"m":false,"E":1595622041393,"l":6456890,"M":true,"q":"20922.00000000","s":"LRCBTC","a":4891660,"T":1595622041390,"e":"aggTrade","p":"0.00001229","f":6456887},{"m":false,"E":1595622041393,"l":6456892,"M":true,"q":"17884.00000000","s":"LRCBTC","a":4891661,"T":1595622041390,"e":"aggTrade","p":"0.00001230","f":6456891},{"m":true,"E":1595622041407,"l":6456893,"M":true,"q":"13748.00000000","s":"LRCBTC","a":4891662,"T":1595622041401,"e":"aggTrade","p":"0.00001230","f":6456893},{"m":true,"E":1595622041410,"l":6456894,"M":true,"q":"270.00000000","s":"LRCBTC","a":4891663,"T":1595622041403,"e":"aggTrade","p":"0.00001230","f":6456894},{"m":true,"E":1595622041412,"l":6456895,"M":true,"q":"870.00000000","s":"LRCBTC","a":4891664,"T":1595622041404,"e":"aggTrade","p":"0.00001230","f":6456895},{"m":true,"E":1595622041412,"l":6456896,"M":true,"q":"1400.00000000","s":"LRCBTC","a":4891665,"T":1595622041404,"e":"aggTrade","p":"0.00001230","f":6456896},{"m":true,"E":1595622041420,"l":6456897,"M":true,"q":"175.00000000","s":"LRCBTC","a":4891666,"T":1595622041419,"e":"aggTrade","p":"0.00001230","f":6456897},{"m":false,"E":1595622041422,"l":6456899,"M":true,"q":"1984.00000000","s":"LRCBTC","a":4891667,"T":1595622041421,"e":"aggTrade","p":"0.00001231","f":6456898},{"m":true,"E":1595622041429,"l":6456900,"M":true,"q":"36310.00000000","s":"LRCBTC","a":4891668,"T":1595622041428,"e":"aggTrade","p":"0.00001230","f":6456900},{"m":true,"E":1595622041440,"l":6456901,"M":true,"q":"2562.00000000","s":"LRCBTC","a":4891669,"T":1595622041439,"e":"aggTrade","p":"0.00001230","f":6456901},{"m":true,"E":1595622041487,"l":6456902,"M":true,"q":"32.00000000","s":"LRCBTC","a":4891670,"T":1595622041485,"e":"aggTrade","p":"0.00001230","f":6456902},{"m":true,"E":1595622041678,"l":6456903,"M":true,"q":"1390.00000000","s":"LRCBTC","a":4891671,"T":1595622041677,"e":"aggTrade","p":"0.00001230","f":6456903},{"m":true,"E":1595622041695,"l":6456904,"M":true,"q":"14381.00000000","s":"LRCBTC","a":4891672,"T":1595622041694,"e":"aggTrade","p":"0.00001230","f":6456904},{"m":false,"E":1595622041770,"l":6456905,"M":true,"q":"80.00000000","s":"LRCBTC","a":4891673,"T":1595622041769,"e":"aggTrade","p":"0.00001233","f":6456905},{"m":false,"E":1595622042418,"l":6456906,"M":true,"q":"1761.00000000","s":"LRCBTC","a":4891674,"T":1595622042417,"e":"aggTrade","p":"0.00001231","f":6456906},{"m":true,"E":1595622043001,"l":6456907,"M":true,"q":"3600.00000000","s":"LRCBTC","a":4891675,"T":1595622043000,"e":"aggTrade","p":"0.00001230","f":6456907},{"m":true,"E":1595622043596,"l":6456908,"M":true,"q":"3537.00000000","s":"LRCBTC","a":4891676,"T":1595622043595,"e":"aggTrade","p":"0.00001230","f":6456908},{"m":true,"E":1595622043805,"l":6456909,"M":true,"q":"372.00000000","s":"LRCBTC","a":4891677,"T":1595622043804,"e":"aggTrade","p":"0.00001231","f":6456909},{"m":true,"E":1595622043878,"l":6456910,"M":true,"q":"1028.00000000","s":"LRCBTC","a":4891678,"T":1595622043877,"e":"aggTrade","p":"0.00001231","f":6456910},{"m":false,"E":1595622044223,"l":6456914,"M":true,"q":"17897.00000000","s":"LRCBTC","a":4891679,"T":1595622044221,"e":"aggTrade","p":"0.00001233","f":6456911},{"m":false,"E":1595622045426,"l":6456923,"M":true,"q":"728.00000000","s":"LRCBTC","a":4891680,"T":1595622045425,"e":"aggTrade","p":"0.00001233","f":6456915},{"m":false,"E":1595622045426,"l":6456925,"M":true,"q":"7199.00000000","s":"LRCBTC","a":4891681,"T":1595622045425,"e":"aggTrade","p":"0.00001234","f":6456924},{"m":false,"E":1595622046625,"l":6456928,"M":true,"q":"140.00000000","s":"LRCBTC","a":4891682,"T":1595622046624,"e":"aggTrade","p":"0.00001235","f":6456926},{"m":false,"E":1595622050627,"l":6456929,"M":true,"q":"865.00000000","s":"LRCBTC","a":4891683,"T":1595622050626,"e":"aggTrade","p":"0.00001235","f":6456929},{"m":false,"E":1595622057044,"l":6456931,"M":true,"q":"22.00000000","s":"LRCBTC","a":4891684,"T":1595622057042,"e":"aggTrade","p":"0.00001236","f":6456930},{"m":false,"E":1595622059727,"l":6456932,"M":true,"q":"91.00000000","s":"LRCBTC","a":4891685,"T":1595622059726,"e":"aggTrade","p":"0.00001238","f":6456932}]]},{"peak":"13.83086253|3420,-5.56163100|1170,10.01406030|810,-3.13415349|150,10.66198008|840,-5.72268085|240,14.17377921|1950,-3.63220726|330,21.23444247|1530,-12.35875706|1020,5.36723164|270,-5.45411709|1110,9.71845918|780,-13.52998537|720,4.71721112|180,-3.14563573|570,4.40629127|450,-3.09425015|360,9.69768820|1650,-10.76131195|390,4.84797702|450,-3.37542783|150,6.03092175|210,-3.22877169|390,5.83706768|540,-3.27390963|360,10.06839332|1740,-9.82212775|810,3.35608010|810,-11.38034961|2340,3.73719108|960,-4.07595549|603,4.30575714|846,-6.45599309|1004,-8.60093187|2101","transactionList":[{},{},{},{},{},{},{},{},{},{},{},{},{},{},{},{},{},{},{},{},{},{},{},{},{},{},{},{},{},{},{},{},{},{},[{"m":true,"E":1595633959184,"l":7513612,"M":true,"q":"6.42000000","s":"ATOMBTC","a":5517418,"T":1595633959183,"e":"aggTrade","p":"0.00039730","f":7513612},{"m":false,"E":1595633960262,"l":7513613,"M":true,"q":"0.29000000","s":"ATOMBTC","a":5517419,"T":1595633960260,"e":"aggTrade","p":"0.00039780","f":7513613},{"m":false,"E":1595633971545,"l":7513614,"M":true,"q":"90.50000000","s":"ATOMBTC","a":5517420,"T":1595633971543,"e":"aggTrade","p":"0.00039760","f":7513614},{"m":false,"E":1595633971559,"l":7513615,"M":true,"q":"351.16000000","s":"ATOMBTC","a":5517421,"T":1595633971557,"e":"aggTrade","p":"0.00039760","f":7513615},{"m":false,"E":1595633977948,"l":7513616,"M":true,"q":"24.71000000","s":"ATOMBTC","a":5517422,"T":1595633977947,"e":"aggTrade","p":"0.00039770","f":7513616},{"m":false,"E":1595633979118,"l":7513617,"M":true,"q":"1.68000000","s":"ATOMBTC","a":5517423,"T":1595633979117,"e":"aggTrade","p":"0.00039770","f":7513617},{"m":false,"E":1595633981867,"l":7513618,"M":true,"q":"441.62000000","s":"ATOMBTC","a":5517424,"T":1595633981866,"e":"aggTrade","p":"0.00039750","f":7513618},{"m":true,"E":1595633986371,"l":7513619,"M":true,"q":"97.85000000","s":"ATOMBTC","a":5517425,"T":1595633986369,"e":"aggTrade","p":"0.00039730","f":7513619},{"m":false,"E":1595633987869,"l":7513620,"M":true,"q":"441.68000000","s":"ATOMBTC","a":5517426,"T":1595633987868,"e":"aggTrade","p":"0.00039740","f":7513620},{"m":true,"E":1595633991363,"l":7513621,"M":true,"q":"53.32000000","s":"ATOMBTC","a":5517427,"T":1595633991362,"e":"aggTrade","p":"0.00039730","f":7513621},{"m":true,"E":1595633991383,"l":7513622,"M":true,"q":"12.07000000","s":"ATOMBTC","a":5517428,"T":1595633991382,"e":"aggTrade","p":"0.00039730","f":7513622},{"m":true,"E":1595633991457,"l":7513623,"M":true,"q":"85.78000000","s":"ATOMBTC","a":5517429,"T":1595633991456,"e":"aggTrade","p":"0.00039730","f":7513623},{"m":true,"E":1595633991489,"l":7513624,"M":true,"q":"6.08000000","s":"ATOMBTC","a":5517430,"T":1595633991487,"e":"aggTrade","p":"0.00039720","f":7513624},{"m":true,"E":1595633991489,"l":7513629,"M":true,"q":"6.78000000","s":"ATOMBTC","a":5517431,"T":1595633991487,"e":"aggTrade","p":"0.00039710","f":7513625},{"m":false,"E":1595633999865,"l":7513630,"M":true,"q":"303.00000000","s":"ATOMBTC","a":5517432,"T":1595633999864,"e":"aggTrade","p":"0.00039740","f":7513630},{"m":false,"E":1595634005074,"l":7513631,"M":true,"q":"96.07000000","s":"ATOMBTC","a":5517433,"T":1595634005073,"e":"aggTrade","p":"0.00039720","f":7513631},{"m":false,"E":1595634005084,"l":7513632,"M":true,"q":"345.83000000","s":"ATOMBTC","a":5517434,"T":1595634005082,"e":"aggTrade","p":"0.00039720","f":7513632},{"m":true,"E":1595634006272,"l":7513634,"M":true,"q":"5.30000000","s":"ATOMBTC","a":5517435,"T":1595634006271,"e":"aggTrade","p":"0.00039700","f":7513633},{"m":false,"E":1595634007052,"l":7513635,"M":true,"q":"4.56000000","s":"ATOMBTC","a":5517436,"T":1595634007051,"e":"aggTrade","p":"0.00039740","f":7513635},{"m":false,"E":1595634011616,"l":7513636,"M":true,"q":"2.88000000","s":"ATOMBTC","a":5517437,"T":1595634011616,"e":"aggTrade","p":"0.00039730","f":7513636},{"m":false,"E":1595634016283,"l":7513637,"M":true,"q":"89.88000000","s":"ATOMBTC","a":5517438,"T":1595634016282,"e":"aggTrade","p":"0.00039710","f":7513637},{"m":false,"E":1595634024991,"l":7513638,"M":true,"q":"0.52000000","s":"ATOMBTC","a":5517439,"T":1595634024990,"e":"aggTrade","p":"0.00039710","f":7513638},{"m":false,"E":1595634025000,"l":7513639,"M":true,"q":"131.45000000","s":"ATOMBTC","a":5517440,"T":1595634024999,"e":"aggTrade","p":"0.00039710","f":7513639},{"m":false,"E":1595634031066,"l":7513640,"M":true,"q":"44.39000000","s":"ATOMBTC","a":5517441,"T":1595634031065,"e":"aggTrade","p":"0.00039710","f":7513640},{"m":false,"E":1595634031080,"l":7513641,"M":true,"q":"87.58000000","s":"ATOMBTC","a":5517442,"T":1595634031079,"e":"aggTrade","p":"0.00039710","f":7513641},{"m":false,"E":1595634032292,"l":7513642,"M":true,"q":"131.97000000","s":"ATOMBTC","a":5517443,"T":1595634032291,"e":"aggTrade","p":"0.00039710","f":7513642},{"m":false,"E":1595634033393,"l":7513643,"M":true,"q":"131.97000000","s":"ATOMBTC","a":5517444,"T":1595634033391,"e":"aggTrade","p":"0.00039710","f":7513643},{"m":false,"E":1595634033690,"l":7513644,"M":true,"q":"3.95000000","s":"ATOMBTC","a":5517445,"T":1595634033689,"e":"aggTrade","p":"0.00039730","f":7513644},{"m":false,"E":1595634034893,"l":7513645,"M":true,"q":"131.97000000","s":"ATOMBTC","a":5517446,"T":1595634034892,"e":"aggTrade","p":"0.00039710","f":7513645},{"m":false,"E":1595634041507,"l":7513646,"M":true,"q":"21.94000000","s":"ATOMBTC","a":5517447,"T":1595634041506,"e":"aggTrade","p":"0.00039730","f":7513646},{"m":true,"E":1595634056173,"l":7513647,"M":true,"q":"89.88000000","s":"ATOMBTC","a":5517448,"T":1595634056172,"e":"aggTrade","p":"0.00039730","f":7513647},{"m":false,"E":1595634057261,"l":7513648,"M":true,"q":"5.99000000","s":"ATOMBTC","a":5517449,"T":1595634057260,"e":"aggTrade","p":"0.00039740","f":7513648},{"m":false,"E":1595634057355,"l":7513650,"M":true,"q":"481.70000000","s":"ATOMBTC","a":5517450,"T":1595634057353,"e":"aggTrade","p":"0.00039740","f":7513649},{"m":false,"E":1595634057597,"l":7513651,"M":true,"q":"362.65000000","s":"ATOMBTC","a":5517451,"T":1595634057596,"e":"aggTrade","p":"0.00039750","f":7513651},{"m":false,"E":1595634057606,"l":7513652,"M":true,"q":"60.00000000","s":"ATOMBTC","a":5517452,"T":1595634057605,"e":"aggTrade","p":"0.00039750","f":7513652},{"m":false,"E":1595634057611,"l":7513653,"M":true,"q":"950.00000000","s":"ATOMBTC","a":5517453,"T":1595634057610,"e":"aggTrade","p":"0.00039750","f":7513653},{"m":false,"E":1595634057641,"l":7513654,"M":true,"q":"137.37000000","s":"ATOMBTC","a":5517454,"T":1595634057641,"e":"aggTrade","p":"0.00039750","f":7513654},{"m":false,"E":1595634057656,"l":7513655,"M":true,"q":"89.34000000","s":"ATOMBTC","a":5517455,"T":1595634057655,"e":"aggTrade","p":"0.00039750","f":7513655},{"m":false,"E":1595634057773,"l":7513656,"M":true,"q":"72.32000000","s":"ATOMBTC","a":5517456,"T":1595634057772,"e":"aggTrade","p":"0.00039750","f":7513656},{"m":false,"E":1595634057945,"l":7513657,"M":true,"q":"123.00000000","s":"ATOMBTC","a":5517457,"T":1595634057944,"e":"aggTrade","p":"0.00039750","f":7513657},{"m":false,"E":1595634058167,"l":7513658,"M":true,"q":"131.65000000","s":"ATOMBTC","a":5517458,"T":1595634058166,"e":"aggTrade","p":"0.00039750","f":7513658},{"m":false,"E":1595634058230,"l":7513659,"M":true,"q":"60.00000000","s":"ATOMBTC","a":5517459,"T":1595634058229,"e":"aggTrade","p":"0.00039750","f":7513659},{"m":false,"E":1595634058413,"l":7513660,"M":true,"q":"1098.41000000","s":"ATOMBTC","a":5517460,"T":1595634058412,"e":"aggTrade","p":"0.00039750","f":7513660},{"m":false,"E":1595634064516,"l":7513661,"M":true,"q":"441.32000000","s":"ATOMBTC","a":5517461,"T":1595634064515,"e":"aggTrade","p":"0.00039800","f":7513661},{"m":true,"E":1595634064592,"l":7513662,"M":true,"q":"3.90000000","s":"ATOMBTC","a":5517462,"T":1595634064590,"e":"aggTrade","p":"0.00039770","f":7513662},{"m":false,"E":1595634067213,"l":7513663,"M":true,"q":"35.38000000","s":"ATOMBTC","a":5517463,"T":1595634067212,"e":"aggTrade","p":"0.00039800","f":7513663},{"m":true,"E":1595634067754,"l":7513665,"M":true,"q":"276.72000000","s":"ATOMBTC","a":5517464,"T":1595634067753,"e":"aggTrade","p":"0.00039780","f":7513664},{"m":false,"E":1595634069714,"l":7513667,"M":true,"q":"47.20000000","s":"ATOMBTC","a":5517465,"T":1595634069713,"e":"aggTrade","p":"0.00039810","f":7513666},{"m":false,"E":1595634071422,"l":7513668,"M":true,"q":"441.10000000","s":"ATOMBTC","a":5517466,"T":1595634071421,"e":"aggTrade","p":"0.00039810","f":7513668},{"m":false,"E":1595634073620,"l":7513669,"M":true,"q":"441.10000000","s":"ATOMBTC","a":5517467,"T":1595634073619,"e":"aggTrade","p":"0.00039810","f":7513669},{"m":true,"E":1595634073983,"l":7513670,"M":true,"q":"4.42000000","s":"ATOMBTC","a":5517468,"T":1595634073982,"e":"aggTrade","p":"0.00039790","f":7513670}]]},{"peak":"7.35930736|900,-5.08474576|1710,9.74576271|2490,-6.14754098|1800,3.27868852|270,-5.00000000|870,12.50000000|1500,-3.44827586|600,5.74712644|570,-4.54545455|1050,3.40909091|210,-9.63855422|2670,4.81927711|720,-3.57142857|840,3.17460317|420,-4.00000000|1170,8.80000000|420,-10.12145749|3300,8.50202429|570,-4.68750000|870,6.25000000|990,-3.81679389|960,14.50381679|1860,-5.26315789|165,3.85964912|246,-6.09318996|30,4.65949821|315,-4.65949821|135,5.37634409|192,-7.69230769|447,3.66300366|51,-4.04411765|348,8.82352941|833,-3.85964912|144,5.96491228|158,8.42105263|271","transactionList":[{},{},{},{},{},{},{},{},{},{},{},{},{},{},{},{},{},{},{},{},{},{},{},{},{},{},{},{},{},{},{},{},{},{},{},[{"m":false,"E":1595622429222,"l":4854293,"M":true,"q":"30.00000000","s":"GOBTC","a":2692327,"T":1595622429221,"e":"aggTrade","p":"0.00000151","f":4854293},{"m":true,"E":1595622430121,"l":4854294,"M":true,"q":"5197.00000000","s":"GOBTC","a":2692328,"T":1595622430120,"e":"aggTrade","p":"0.00000151","f":4854294},{"m":true,"E":1595622430201,"l":4854296,"M":true,"q":"6593.00000000","s":"GOBTC","a":2692329,"T":1595622430200,"e":"aggTrade","p":"0.00000151","f":4854295},{"m":false,"E":1595622430870,"l":4854297,"M":true,"q":"527.00000000","s":"GOBTC","a":2692330,"T":1595622430869,"e":"aggTrade","p":"0.00000152","f":4854297},{"m":false,"E":1595622430911,"l":4854300,"M":true,"q":"6623.00000000","s":"GOBTC","a":2692331,"T":1595622430909,"e":"aggTrade","p":"0.00000152","f":4854298},{"m":true,"E":1595622437346,"l":4854301,"M":true,"q":"295.00000000","s":"GOBTC","a":2692332,"T":1595622437345,"e":"aggTrade","p":"0.00000151","f":4854301},{"m":false,"E":1595622440351,"l":4854306,"M":true,"q":"2729.00000000","s":"GOBTC","a":2692333,"T":1595622440350,"e":"aggTrade","p":"0.00000152","f":4854302},{"m":false,"E":1595622443936,"l":4854308,"M":true,"q":"132.00000000","s":"GOBTC","a":2692334,"T":1595622443935,"e":"aggTrade","p":"0.00000152","f":4854307},{"m":false,"E":1595622449156,"l":4854333,"M":true,"q":"86851.00000000","s":"GOBTC","a":2692335,"T":1595622449147,"e":"aggTrade","p":"0.00000152","f":4854309},{"m":false,"E":1595622449156,"l":4854383,"M":true,"q":"668314.00000000","s":"GOBTC","a":2692336,"T":1595622449147,"e":"aggTrade","p":"0.00000153","f":4854334},{"m":false,"E":1595622449156,"l":4854389,"M":true,"q":"238212.00000000","s":"GOBTC","a":2692337,"T":1595622449147,"e":"aggTrade","p":"0.00000154","f":4854384},{"m":false,"E":1595622449156,"l":4854392,"M":true,"q":"6493.00000000","s":"GOBTC","a":2692338,"T":1595622449147,"e":"aggTrade","p":"0.00000154","f":4854390},{"m":false,"E":1595622451029,"l":4854393,"M":true,"q":"100.00000000","s":"GOBTC","a":2692339,"T":1595622451028,"e":"aggTrade","p":"0.00000153","f":4854393},{"m":false,"E":1595622452473,"l":4854394,"M":true,"q":"118.00000000","s":"GOBTC","a":2692340,"T":1595622452471,"e":"aggTrade","p":"0.00000153","f":4854394},{"m":false,"E":1595622453699,"l":4854395,"M":true,"q":"654.00000000","s":"GOBTC","a":2692341,"T":1595622453698,"e":"aggTrade","p":"0.00000153","f":4854395},{"m":false,"E":1595622453745,"l":4854396,"M":true,"q":"131.00000000","s":"GOBTC","a":2692342,"T":1595622453744,"e":"aggTrade","p":"0.00000153","f":4854396},{"m":false,"E":1595622453767,"l":4854397,"M":true,"q":"1438.00000000","s":"GOBTC","a":2692343,"T":1595622453766,"e":"aggTrade","p":"0.00000153","f":4854397},{"m":false,"E":1595622453785,"l":4854398,"M":true,"q":"131.00000000","s":"GOBTC","a":2692344,"T":1595622453784,"e":"aggTrade","p":"0.00000153","f":4854398},{"m":false,"E":1595622453823,"l":4854399,"M":true,"q":"118.00000000","s":"GOBTC","a":2692345,"T":1595622453822,"e":"aggTrade","p":"0.00000153","f":4854399},{"m":false,"E":1595622453910,"l":4854400,"M":true,"q":"1061.00000000","s":"GOBTC","a":2692346,"T":1595622453909,"e":"aggTrade","p":"0.00000153","f":4854400},{"m":true,"E":1595622454326,"l":4854401,"M":true,"q":"1566.00000000","s":"GOBTC","a":2692347,"T":1595622454325,"e":"aggTrade","p":"0.00000153","f":4854401},{"m":true,"E":1595622454707,"l":4854405,"M":true,"q":"1950.00000000","s":"GOBTC","a":2692348,"T":1595622454705,"e":"aggTrade","p":"0.00000153","f":4854402},{"m":false,"E":1595622455252,"l":4854407,"M":true,"q":"500.00000000","s":"GOBTC","a":2692349,"T":1595622455251,"e":"aggTrade","p":"0.00000153","f":4854406},{"m":true,"E":1595622456271,"l":4854408,"M":true,"q":"1987.00000000","s":"GOBTC","a":2692350,"T":1595622456269,"e":"aggTrade","p":"0.00000152","f":4854408},{"m":true,"E":1595622456338,"l":4854409,"M":true,"q":"131.00000000","s":"GOBTC","a":2692351,"T":1595622456337,"e":"aggTrade","p":"0.00000152","f":4854409},{"m":true,"E":1595622457958,"l":4854422,"M":true,"q":"72483.00000000","s":"GOBTC","a":2692352,"T":1595622457956,"e":"aggTrade","p":"0.00000152","f":4854410},{"m":false,"E":1595622459295,"l":4854423,"M":true,"q":"1960.00000000","s":"GOBTC","a":2692353,"T":1595622459294,"e":"aggTrade","p":"0.00000152","f":4854423},{"m":false,"E":1595622460799,"l":4854424,"M":true,"q":"856.00000000","s":"GOBTC","a":2692354,"T":1595622460798,"e":"aggTrade","p":"0.00000152","f":4854424},{"m":true,"E":1595622472091,"l":4854425,"M":true,"q":"198.00000000","s":"GOBTC","a":2692355,"T":1595622472089,"e":"aggTrade","p":"0.00000152","f":4854425},{"m":false,"E":1595622473888,"l":4854426,"M":true,"q":"132.00000000","s":"GOBTC","a":2692356,"T":1595622473887,"e":"aggTrade","p":"0.00000152","f":4854426},{"m":false,"E":1595622474145,"l":4854427,"M":true,"q":"41079.00000000","s":"GOBTC","a":2692357,"T":1595622474132,"e":"aggTrade","p":"0.00000152","f":4854427},{"m":false,"E":1595622474145,"l":4854440,"M":true,"q":"77071.00000000","s":"GOBTC","a":2692358,"T":1595622474132,"e":"aggTrade","p":"0.00000153","f":4854428},{"m":false,"E":1595622474145,"l":4854536,"M":true,"q":"706881.00000000","s":"GOBTC","a":2692359,"T":1595622474132,"e":"aggTrade","p":"0.00000154","f":4854441},{"m":false,"E":1595622474145,"l":4854574,"M":true,"q":"224577.00000000","s":"GOBTC","a":2692360,"T":1595622474132,"e":"aggTrade","p":"0.00000155","f":4854537},{"m":true,"E":1595622475012,"l":4854575,"M":true,"q":"197.00000000","s":"GOBTC","a":2692361,"T":1595622475011,"e":"aggTrade","p":"0.00000153","f":4854575},{"m":false,"E":1595622475324,"l":4854576,"M":true,"q":"130.00000000","s":"GOBTC","a":2692362,"T":1595622475323,"e":"aggTrade","p":"0.00000154","f":4854576},{"m":true,"E":1595622475440,"l":4854577,"M":true,"q":"131.00000000","s":"GOBTC","a":2692363,"T":1595622475435,"e":"aggTrade","p":"0.00000153","f":4854577},{"m":false,"E":1595622475985,"l":4854581,"M":true,"q":"43960.00000000","s":"GOBTC","a":2692364,"T":1595622475981,"e":"aggTrade","p":"0.00000154","f":4854578},{"m":false,"E":1595622475985,"l":4854620,"M":true,"q":"613934.00000000","s":"GOBTC","a":2692365,"T":1595622475981,"e":"aggTrade","p":"0.00000155","f":4854582},{"m":true,"E":1595622476797,"l":4854621,"M":true,"q":"254.00000000","s":"GOBTC","a":2692366,"T":1595622476795,"e":"aggTrade","p":"0.00000154","f":4854621},{"m":true,"E":1595622476797,"l":4854623,"M":true,"q":"602.00000000","s":"GOBTC","a":2692367,"T":1595622476795,"e":"aggTrade","p":"0.00000153","f":4854622},{"m":true,"E":1595622477019,"l":4854624,"M":true,"q":"117.00000000","s":"GOBTC","a":2692368,"T":1595622477018,"e":"aggTrade","p":"0.00000154","f":4854624},{"m":false,"E":1595622477250,"l":4854625,"M":true,"q":"100.00000000","s":"GOBTC","a":2692369,"T":1595622477249,"e":"aggTrade","p":"0.00000154","f":4854625},{"m":false,"E":1595622477373,"l":4854627,"M":true,"q":"325.00000000","s":"GOBTC","a":2692370,"T":1595622477372,"e":"aggTrade","p":"0.00000154","f":4854626},{"m":false,"E":1595622477505,"l":4854629,"M":true,"q":"314.00000000","s":"GOBTC","a":2692371,"T":1595622477504,"e":"aggTrade","p":"0.00000154","f":4854628},{"m":false,"E":1595622477505,"l":4854630,"M":true,"q":"1106.00000000","s":"GOBTC","a":2692372,"T":1595622477504,"e":"aggTrade","p":"0.00000155","f":4854630},{"m":false,"E":1595622477557,"l":4854631,"M":true,"q":"130.00000000","s":"GOBTC","a":2692373,"T":1595622477556,"e":"aggTrade","p":"0.00000155","f":4854631},{"m":false,"E":1595622477563,"l":4854632,"M":true,"q":"117.00000000","s":"GOBTC","a":2692374,"T":1595622477561,"e":"aggTrade","p":"0.00000155","f":4854632},{"m":false,"E":1595622477692,"l":4854633,"M":true,"q":"66.00000000","s":"GOBTC","a":2692375,"T":1595622477691,"e":"aggTrade","p":"0.00000155","f":4854633},{"m":false,"E":1595622477852,"l":4854635,"M":true,"q":"1936.00000000","s":"GOBTC","a":2692376,"T":1595622477851,"e":"aggTrade","p":"0.00000155","f":4854634},{"m":false,"E":1595622477866,"l":4854636,"M":true,"q":"646.00000000","s":"GOBTC","a":2692377,"T":1595622477865,"e":"aggTrade","p":"0.00000155","f":4854636},{"m":false,"E":1595622477875,"l":4854637,"M":true,"q":"130.00000000","s":"GOBTC","a":2692378,"T":1595622477874,"e":"aggTrade","p":"0.00000155","f":4854637},{"m":true,"E":1595622478063,"l":4854638,"M":true,"q":"130.00000000","s":"GOBTC","a":2692379,"T":1595622478062,"e":"aggTrade","p":"0.00000154","f":4854638},{"m":false,"E":1595622478323,"l":4854639,"M":true,"q":"66.00000000","s":"GOBTC","a":2692380,"T":1595622478322,"e":"aggTrade","p":"0.00000154","f":4854639},{"m":false,"E":1595622478631,"l":4854641,"M":true,"q":"211.00000000","s":"GOBTC","a":2692381,"T":1595622478630,"e":"aggTrade","p":"0.00000154","f":4854640},{"m":false,"E":1595622478716,"l":4854642,"M":true,"q":"130.00000000","s":"GOBTC","a":2692382,"T":1595622478715,"e":"aggTrade","p":"0.00000155","f":4854642},{"m":false,"E":1595622478759,"l":4854643,"M":true,"q":"66.00000000","s":"GOBTC","a":2692383,"T":1595622478758,"e":"aggTrade","p":"0.00000155","f":4854643},{"m":true,"E":1595622479880,"l":4854644,"M":true,"q":"634.00000000","s":"GOBTC","a":2692384,"T":1595622479879,"e":"aggTrade","p":"0.00000154","f":4854644},{"m":true,"E":1595622479880,"l":4854645,"M":true,"q":"1050.00000000","s":"GOBTC","a":2692385,"T":1595622479879,"e":"aggTrade","p":"0.00000153","f":4854645},{"m":true,"E":1595622480500,"l":4854651,"M":true,"q":"3184.00000000","s":"GOBTC","a":2692386,"T":1595622480499,"e":"aggTrade","p":"0.00000153","f":4854646},{"m":false,"E":1595622480745,"l":4854653,"M":true,"q":"1684.00000000","s":"GOBTC","a":2692387,"T":1595622480743,"e":"aggTrade","p":"0.00000154","f":4854652},{"m":true,"E":1595622480756,"l":4854654,"M":true,"q":"251.00000000","s":"GOBTC","a":2692388,"T":1595622480755,"e":"aggTrade","p":"0.00000154","f":4854654},{"m":true,"E":1595622483067,"l":4854656,"M":true,"q":"2995.00000000","s":"GOBTC","a":2692389,"T":1595622483066,"e":"aggTrade","p":"0.00000153","f":4854655},{"m":false,"E":1595622483247,"l":4854657,"M":true,"q":"130.00000000","s":"GOBTC","a":2692390,"T":1595622483246,"e":"aggTrade","p":"0.00000154","f":4854657},{"m":false,"E":1595622483508,"l":4854658,"M":true,"q":"66.00000000","s":"GOBTC","a":2692391,"T":1595622483507,"e":"aggTrade","p":"0.00000154","f":4854658},{"m":true,"E":1595622485646,"l":4854659,"M":true,"q":"3264.00000000","s":"GOBTC","a":2692392,"T":1595622485645,"e":"aggTrade","p":"0.00000153","f":4854659},{"m":true,"E":1595622485646,"l":4854660,"M":true,"q":"817.00000000","s":"GOBTC","a":2692393,"T":1595622485645,"e":"aggTrade","p":"0.00000153","f":4854660},{"m":true,"E":1595622487544,"l":4854661,"M":true,"q":"839.00000000","s":"GOBTC","a":2692394,"T":1595622487543,"e":"aggTrade","p":"0.00000153","f":4854661},{"m":true,"E":1595622488266,"l":4854664,"M":true,"q":"341.00000000","s":"GOBTC","a":2692395,"T":1595622488265,"e":"aggTrade","p":"0.00000153","f":4854662},{"m":true,"E":1595622488664,"l":4854667,"M":true,"q":"1987.00000000","s":"GOBTC","a":2692396,"T":1595622488662,"e":"aggTrade","p":"0.00000153","f":4854665},{"m":true,"E":1595622489045,"l":4854669,"M":true,"q":"244.00000000","s":"GOBTC","a":2692397,"T":1595622489043,"e":"aggTrade","p":"0.00000153","f":4854668},{"m":true,"E":1595622489207,"l":4854670,"M":true,"q":"290.00000000","s":"GOBTC","a":2692398,"T":1595622489206,"e":"aggTrade","p":"0.00000153","f":4854670},{"m":true,"E":1595622489913,"l":4854671,"M":true,"q":"6616.00000000","s":"GOBTC","a":2692399,"T":1595622489912,"e":"aggTrade","p":"0.00000153","f":4854671},{"m":true,"E":1595622490776,"l":4854672,"M":true,"q":"1060.00000000","s":"GOBTC","a":2692400,"T":1595622490775,"e":"aggTrade","p":"0.00000153","f":4854672},{"m":true,"E":1595622491775,"l":4854673,"M":true,"q":"1818.00000000","s":"GOBTC","a":2692401,"T":1595622491774,"e":"aggTrade","p":"0.00000153","f":4854673},{"m":false,"E":1595622492914,"l":4854678,"M":true,"q":"2408.00000000","s":"GOBTC","a":2692402,"T":1595622492913,"e":"aggTrade","p":"0.00000154","f":4854674},{"m":true,"E":1595622494131,"l":4854679,"M":true,"q":"9998.00000000","s":"GOBTC","a":2692403,"T":1595622494130,"e":"aggTrade","p":"0.00000153","f":4854679},{"m":true,"E":1595622500733,"l":4854681,"M":true,"q":"7187.00000000","s":"GOBTC","a":2692404,"T":1595622500732,"e":"aggTrade","p":"0.00000153","f":4854680},{"m":true,"E":1595622512440,"l":4854682,"M":true,"q":"12027.00000000","s":"GOBTC","a":2692405,"T":1595622512439,"e":"aggTrade","p":"0.00000153","f":4854682},{"m":true,"E":1595622516541,"l":4854683,"M":true,"q":"2300.00000000","s":"GOBTC","a":2692406,"T":1595622516540,"e":"aggTrade","p":"0.00000153","f":4854683},{"m":false,"E":1595622518725,"l":4854684,"M":true,"q":"778.00000000","s":"GOBTC","a":2692407,"T":1595622518723,"e":"aggTrade","p":"0.00000154","f":4854684},{"m":false,"E":1595622523340,"l":4854689,"M":true,"q":"11222.00000000","s":"GOBTC","a":2692408,"T":1595622523338,"e":"aggTrade","p":"0.00000154","f":4854685},{"m":true,"E":1595622524106,"l":4854690,"M":true,"q":"1736.00000000","s":"GOBTC","a":2692409,"T":1595622524104,"e":"aggTrade","p":"0.00000154","f":4854690},{"m":true,"E":1595622526718,"l":4854691,"M":true,"q":"6200.00000000","s":"GOBTC","a":2692410,"T":1595622526717,"e":"aggTrade","p":"0.00000154","f":4854691},{"m":true,"E":1595622527658,"l":4854692,"M":true,"q":"2844.00000000","s":"GOBTC","a":2692411,"T":1595622527657,"e":"aggTrade","p":"0.00000154","f":4854692},{"m":false,"E":1595622530409,"l":4854693,"M":true,"q":"4831.00000000","s":"GOBTC","a":2692412,"T":1595622530408,"e":"aggTrade","p":"0.00000154","f":4854693},{"m":false,"E":1595622534833,"l":4854694,"M":true,"q":"16264.00000000","s":"GOBTC","a":2692413,"T":1595622534831,"e":"aggTrade","p":"0.00000154","f":4854694}]]},{"peak":"49.82698962|330,-13.05483029|150,5.83115753|30,-3.40136054|60,7.14285714|120,-4.73815461|150,6.31753948|120,-3.31179321|120,32.47172859|150,-7.61154856|180,3.01837270|30,-13.68573497|210,3.25850833|66,-6.02230483|45,10.03717472|72,-3.85964912|33,8.63157895|96,-17.53986333|177,4.85952923|30,-3.44569288|24,10.56179775|99,-8.44966936|66,4.92285084|30,-5.93471810|60,6.89910979|75,-11.36012365|276,3.47758887|30,-16.43478261|297,3.73913043|156,-3.46921075|51,5.20381613|27,-5.11265165|153,3.03292894|66,-6.82839173|151,9.97304582|239,-9.09090909|236,7.75401070|105,-7.27595386|55,4.08163265|71,-10.97445601|233,-14.43902439|419,5.85365854|255,-4.22670509|113,12.29586936|267","transactionList":[{},{},{},{},{},{},{},{},{},{},{},{},{},{},{},{},{},{},{},{},{},{},{},{},{},{},{},{},{},{},{},{},{},{},{},{},{},{},{},{},[{"m":false,"E":1595627680855,"l":243918,"M":true,"q":"59062.00000000","s":"IRISBTC","a":149011,"T":1595627680854,"e":"aggTrade","p":"0.00000515","f":243918},{"m":false,"E":1595627686150,"l":243919,"M":true,"q":"15994.00000000","s":"IRISBTC","a":149012,"T":1595627686149,"e":"aggTrade","p":"0.00000515","f":243919},{"m":false,"E":1595627691248,"l":243920,"M":true,"q":"2385.00000000","s":"IRISBTC","a":149013,"T":1595627691246,"e":"aggTrade","p":"0.00000515","f":243920},{"m":false,"E":1595627711949,"l":243921,"M":true,"q":"391.00000000","s":"IRISBTC","a":149014,"T":1595627711948,"e":"aggTrade","p":"0.00000515","f":243921},{"m":true,"E":1595627712183,"l":243922,"M":true,"q":"1661.00000000","s":"IRISBTC","a":149015,"T":1595627712182,"e":"aggTrade","p":"0.00000513","f":243922},{"m":true,"E":1595627712183,"l":243923,"M":true,"q":"1.00000000","s":"IRISBTC","a":149016,"T":1595627712182,"e":"aggTrade","p":"0.00000512","f":243923},{"m":false,"E":1595627732912,"l":243924,"M":true,"q":"2000.00000000","s":"IRISBTC","a":149017,"T":1595627732911,"e":"aggTrade","p":"0.00000515","f":243924},{"m":true,"E":1595627739347,"l":243925,"M":true,"q":"2334.00000000","s":"IRISBTC","a":149018,"T":1595627739346,"e":"aggTrade","p":"0.00000513","f":243925},{"m":false,"E":1595627740474,"l":243926,"M":true,"q":"2000.00000000","s":"IRISBTC","a":149019,"T":1595627740473,"e":"aggTrade","p":"0.00000513","f":243926},{"m":false,"E":1595627740483,"l":243927,"M":true,"q":"22.00000000","s":"IRISBTC","a":149020,"T":1595627740482,"e":"aggTrade","p":"0.00000513","f":243927},{"m":false,"E":1595627740664,"l":243928,"M":true,"q":"1069.00000000","s":"IRISBTC","a":149021,"T":1595627740663,"e":"aggTrade","p":"0.00000513","f":243928},{"m":true,"E":1595627747784,"l":243929,"M":true,"q":"22.00000000","s":"IRISBTC","a":149022,"T":1595627747783,"e":"aggTrade","p":"0.00000514","f":243929},{"m":false,"E":1595627759509,"l":243930,"M":true,"q":"2798.00000000","s":"IRISBTC","a":149023,"T":1595627759508,"e":"aggTrade","p":"0.00000515","f":243930},{"m":false,"E":1595627760214,"l":243931,"M":true,"q":"2826.00000000","s":"IRISBTC","a":149024,"T":1595627760213,"e":"aggTrade","p":"0.00000515","f":243931},{"m":true,"E":1595627760793,"l":243932,"M":true,"q":"22.00000000","s":"IRISBTC","a":149025,"T":1595627760791,"e":"aggTrade","p":"0.00000514","f":243932},{"m":true,"E":1595627760793,"l":243933,"M":true,"q":"23.00000000","s":"IRISBTC","a":149026,"T":1595627760791,"e":"aggTrade","p":"0.00000513","f":243933},{"m":true,"E":1595627760793,"l":243934,"M":true,"q":"3.00000000","s":"IRISBTC","a":149027,"T":1595627760791,"e":"aggTrade","p":"0.00000512","f":243934},{"m":false,"E":1595627769506,"l":243935,"M":true,"q":"2801.00000000","s":"IRISBTC","a":149028,"T":1595627769505,"e":"aggTrade","p":"0.00000515","f":243935},{"m":false,"E":1595627772129,"l":243936,"M":true,"q":"21.00000000","s":"IRISBTC","a":149029,"T":1595627772128,"e":"aggTrade","p":"0.00000515","f":243936},{"m":true,"E":1595627773292,"l":243937,"M":true,"q":"48.00000000","s":"IRISBTC","a":149030,"T":1595627773291,"e":"aggTrade","p":"0.00000512","f":243937},{"m":false,"E":1595627775356,"l":243938,"M":true,"q":"13965.00000000","s":"IRISBTC","a":149031,"T":1595627775355,"e":"aggTrade","p":"0.00000515","f":243938},{"m":false,"E":1595627775402,"l":243939,"M":true,"q":"941.00000000","s":"IRISBTC","a":149032,"T":1595627775401,"e":"aggTrade","p":"0.00000515","f":243939},{"m":true,"E":1595627776395,"l":243940,"M":true,"q":"48.00000000","s":"IRISBTC","a":149033,"T":1595627776394,"e":"aggTrade","p":"0.00000512","f":243940},{"m":false,"E":1595627785218,"l":243941,"M":true,"q":"9987.00000000","s":"IRISBTC","a":149034,"T":1595627785217,"e":"aggTrade","p":"0.00000515","f":243941},{"m":false,"E":1595627789572,"l":243942,"M":true,"q":"485.00000000","s":"IRISBTC","a":149035,"T":1595627789571,"e":"aggTrade","p":"0.00000514","f":243942},{"m":false,"E":1595627789572,"l":243943,"M":true,"q":"1515.00000000","s":"IRISBTC","a":149036,"T":1595627789571,"e":"aggTrade","p":"0.00000515","f":243943},{"m":false,"E":1595627794626,"l":243944,"M":true,"q":"485.00000000","s":"IRISBTC","a":149037,"T":1595627794625,"e":"aggTrade","p":"0.00000514","f":243944},{"m":false,"E":1595627794626,"l":243945,"M":true,"q":"1515.00000000","s":"IRISBTC","a":149038,"T":1595627794625,"e":"aggTrade","p":"0.00000515","f":243945},{"m":false,"E":1595627797308,"l":243947,"M":true,"q":"970.00000000","s":"IRISBTC","a":149039,"T":1595627797307,"e":"aggTrade","p":"0.00000514","f":243946},{"m":false,"E":1595627797308,"l":243948,"M":true,"q":"1030.00000000","s":"IRISBTC","a":149040,"T":1595627797307,"e":"aggTrade","p":"0.00000515","f":243948}],[{"m":true,"E":1595642995791,"l":247389,"M":true,"q":"76.00000000","s":"IRISBTC","a":151846,"T":1595642995790,"e":"aggTrade","p":"0.00000540","f":247389},{"m":false,"E":1595643022488,"l":247391,"M":true,"q":"534.00000000","s":"IRISBTC","a":151847,"T":1595643022487,"e":"aggTrade","p":"0.00000541","f":247390},{"m":false,"E":1595643047035,"l":247395,"M":true,"q":"30495.00000000","s":"IRISBTC","a":151848,"T":1595643047034,"e":"aggTrade","p":"0.00000542","f":247392},{"m":true,"E":1595643057208,"l":247396,"M":true,"q":"554.00000000","s":"IRISBTC","a":151849,"T":1595643057207,"e":"aggTrade","p":"0.00000542","f":247396},{"m":true,"E":1595643068924,"l":247397,"M":true,"q":"37.00000000","s":"IRISBTC","a":151850,"T":1595643068923,"e":"aggTrade","p":"0.00000542","f":247397},{"m":true,"E":1595643069345,"l":247398,"M":true,"q":"19320.00000000","s":"IRISBTC","a":151851,"T":1595643069344,"e":"aggTrade","p":"0.00000542","f":247398},{"m":false,"E":1595643086753,"l":247400,"M":true,"q":"428.00000000","s":"IRISBTC","a":151852,"T":1595643086752,"e":"aggTrade","p":"0.00000543","f":247399},{"m":true,"E":1595643089084,"l":247401,"M":true,"q":"461.00000000","s":"IRISBTC","a":151853,"T":1595643089083,"e":"aggTrade","p":"0.00000542","f":247401}],[{"m":false,"E":1595649838475,"l":248215,"M":true,"q":"1000.00000000","s":"IRISBTC","a":152307,"T":1595649838474,"e":"aggTrade","p":"0.00000523","f":248215},{"m":true,"E":1595649839388,"l":248217,"M":true,"q":"4009.00000000","s":"IRISBTC","a":152308,"T":1595649839385,"e":"aggTrade","p":"0.00000522","f":248216},{"m":true,"E":1595649839388,"l":248221,"M":true,"q":"1243.00000000","s":"IRISBTC","a":152309,"T":1595649839385,"e":"aggTrade","p":"0.00000521","f":248218},{"m":true,"E":1595649839388,"l":248226,"M":true,"q":"3714.00000000","s":"IRISBTC","a":152310,"T":1595649839385,"e":"aggTrade","p":"0.00000520","f":248222},{"m":true,"E":1595649839388,"l":248228,"M":true,"q":"37709.00000000","s":"IRISBTC","a":152311,"T":1595649839385,"e":"aggTrade","p":"0.00000519","f":248227},{"m":true,"E":1595649839388,"l":248229,"M":true,"q":"11674.00000000","s":"IRISBTC","a":152312,"T":1595649839385,"e":"aggTrade","p":"0.00000518","f":248229},{"m":false,"E":1595649840628,"l":248230,"M":true,"q":"46.00000000","s":"IRISBTC","a":152313,"T":1595649840627,"e":"aggTrade","p":"0.00000522","f":248230},{"m":false,"E":1595649841852,"l":248231,"M":true,"q":"288.00000000","s":"IRISBTC","a":152314,"T":1595649841851,"e":"aggTrade","p":"0.00000522","f":248231},{"m":false,"E":1595649842014,"l":248232,"M":true,"q":"287.00000000","s":"IRISBTC","a":152315,"T":1595649842013,"e":"aggTrade","p":"0.00000522","f":248232},{"m":true,"E":1595649842256,"l":248233,"M":true,"q":"96.00000000","s":"IRISBTC","a":152316,"T":1595649842255,"e":"aggTrade","p":"0.00000521","f":248233},{"m":false,"E":1595649842893,"l":248234,"M":true,"q":"338.00000000","s":"IRISBTC","a":152317,"T":1595649842892,"e":"aggTrade","p":"0.00000522","f":248234},{"m":false,"E":1595649855327,"l":248235,"M":true,"q":"122.00000000","s":"IRISBTC","a":152318,"T":1595649855326,"e":"aggTrade","p":"0.00000523","f":248235},{"m":false,"E":1595649885084,"l":248236,"M":true,"q":"21.00000000","s":"IRISBTC","a":152319,"T":1595649885082,"e":"aggTrade","p":"0.00000523","f":248236}],[{"m":false,"E":1595665805030,"l":251255,"M":true,"q":"17963.00000000","s":"IRISBTC","a":154253,"T":1595665805027,"e":"aggTrade","p":"0.00000572","f":251254},{"m":false,"E":1595665805030,"l":251260,"M":true,"q":"1020.00000000","s":"IRISBTC","a":154254,"T":1595665805027,"e":"aggTrade","p":"0.00000573","f":251256},{"m":false,"E":1595665805030,"l":251263,"M":true,"q":"3800.00000000","s":"IRISBTC","a":154255,"T":1595665805027,"e":"aggTrade","p":"0.00000574","f":251261},{"m":false,"E":1595665805030,"l":251273,"M":true,"q":"25970.00000000","s":"IRISBTC","a":154256,"T":1595665805027,"e":"aggTrade","p":"0.00000575","f":251264},{"m":true,"E":1595665805116,"l":251274,"M":true,"q":"76.00000000","s":"IRISBTC","a":154257,"T":1595665805115,"e":"aggTrade","p":"0.00000575","f":251274},{"m":true,"E":1595665805172,"l":251275,"M":true,"q":"800.00000000","s":"IRISBTC","a":154258,"T":1595665805171,"e":"aggTrade","p":"0.00000571","f":251275},{"m":true,"E":1595665805178,"l":251276,"M":true,"q":"1082.00000000","s":"IRISBTC","a":154259,"T":1595665805177,"e":"aggTrade","p":"0.00000571","f":251276},{"m":true,"E":1595665805810,"l":251277,"M":true,"q":"77.00000000","s":"IRISBTC","a":154260,"T":1595665805809,"e":"aggTrade","p":"0.00000571","f":251277},{"m":true,"E":1595665806108,"l":251278,"M":true,"q":"1223.00000000","s":"IRISBTC","a":154261,"T":1595665806107,"e":"aggTrade","p":"0.00000572","f":251278},{"m":false,"E":1595665810226,"l":251279,"M":true,"q":"77.00000000","s":"IRISBTC","a":154262,"T":1595665810224,"e":"aggTrade","p":"0.00000573","f":251279},{"m":false,"E":1595665810226,"l":251280,"M":true,"q":"1882.00000000","s":"IRISBTC","a":154263,"T":1595665810224,"e":"aggTrade","p":"0.00000575","f":251280},{"m":true,"E":1595665810232,"l":251281,"M":true,"q":"2760.00000000","s":"IRISBTC","a":154264,"T":1595665810230,"e":"aggTrade","p":"0.00000575","f":251281},{"m":true,"E":1595665810234,"l":251282,"M":true,"q":"20581.00000000","s":"IRISBTC","a":154265,"T":1595665810232,"e":"aggTrade","p":"0.00000575","f":251282},{"m":true,"E":1595665810236,"l":251283,"M":true,"q":"2257.00000000","s":"IRISBTC","a":154266,"T":1595665810233,"e":"aggTrade","p":"0.00000575","f":251283},{"m":true,"E":1595665810242,"l":251284,"M":true,"q":"558.00000000","s":"IRISBTC","a":154267,"T":1595665810234,"e":"aggTrade","p":"0.00000575","f":251284},{"m":true,"E":1595665810247,"l":251285,"M":true,"q":"3114.00000000","s":"IRISBTC","a":154268,"T":1595665810237,"e":"aggTrade","p":"0.00000575","f":251285},{"m":true,"E":1595665810282,"l":251286,"M":true,"q":"7471.00000000","s":"IRISBTC","a":154269,"T":1595665810280,"e":"aggTrade","p":"0.00000575","f":251286},{"m":true,"E":1595665810289,"l":251287,"M":true,"q":"628.00000000","s":"IRISBTC","a":154270,"T":1595665810288,"e":"aggTrade","p":"0.00000575","f":251287},{"m":false,"E":1595665810294,"l":251289,"M":true,"q":"2258.00000000","s":"IRISBTC","a":154271,"T":1595665810293,"e":"aggTrade","p":"0.00000576","f":251288},{"m":true,"E":1595665813548,"l":251291,"M":true,"q":"4584.00000000","s":"IRISBTC","a":154272,"T":1595665813547,"e":"aggTrade","p":"0.00000572","f":251290},{"m":false,"E":1595665814010,"l":251292,"M":true,"q":"2882.00000000","s":"IRISBTC","a":154273,"T":1595665814009,"e":"aggTrade","p":"0.00000573","f":251292},{"m":false,"E":1595665817721,"l":251293,"M":true,"q":"41081.00000000","s":"IRISBTC","a":154274,"T":1595665817720,"e":"aggTrade","p":"0.00000573","f":251293},{"m":true,"E":1595665817763,"l":251294,"M":true,"q":"2437.00000000","s":"IRISBTC","a":154275,"T":1595665817762,"e":"aggTrade","p":"0.00000573","f":251294},{"m":true,"E":1595665817789,"l":251295,"M":true,"q":"89.00000000","s":"IRISBTC","a":154276,"T":1595665817788,"e":"aggTrade","p":"0.00000573","f":251295},{"m":false,"E":1595665818355,"l":251296,"M":true,"q":"2304.00000000","s":"IRISBTC","a":154277,"T":1595665818354,"e":"aggTrade","p":"0.00000573","f":251296},{"m":true,"E":1595665818392,"l":251297,"M":true,"q":"5405.00000000","s":"IRISBTC","a":154278,"T":1595665818391,"e":"aggTrade","p":"0.00000573","f":251297},{"m":false,"E":1595665819839,"l":251299,"M":true,"q":"7716.00000000","s":"IRISBTC","a":154279,"T":1595665819838,"e":"aggTrade","p":"0.00000575","f":251298},{"m":true,"E":1595665822304,"l":251300,"M":true,"q":"457.00000000","s":"IRISBTC","a":154280,"T":1595665822303,"e":"aggTrade","p":"0.00000575","f":251300},{"m":true,"E":1595665822690,"l":251301,"M":true,"q":"1578.00000000","s":"IRISBTC","a":154281,"T":1595665822688,"e":"aggTrade","p":"0.00000575","f":251301},{"m":true,"E":1595665822826,"l":251302,"M":true,"q":"966.00000000","s":"IRISBTC","a":154282,"T":1595665822825,"e":"aggTrade","p":"0.00000575","f":251302},{"m":true,"E":1595665823543,"l":251303,"M":true,"q":"1137.00000000","s":"IRISBTC","a":154283,"T":1595665823542,"e":"aggTrade","p":"0.00000575","f":251303},{"m":true,"E":1595665824289,"l":251304,"M":true,"q":"2071.00000000","s":"IRISBTC","a":154284,"T":1595665824288,"e":"aggTrade","p":"0.00000575","f":251304},{"m":true,"E":1595665826140,"l":251305,"M":true,"q":"20.00000000","s":"IRISBTC","a":154285,"T":1595665826139,"e":"aggTrade","p":"0.00000575","f":251305},{"m":true,"E":1595665826238,"l":251306,"M":true,"q":"22703.00000000","s":"IRISBTC","a":154286,"T":1595665826236,"e":"aggTrade","p":"0.00000575","f":251306},{"m":true,"E":1595665826750,"l":251307,"M":true,"q":"353.00000000","s":"IRISBTC","a":154287,"T":1595665826749,"e":"aggTrade","p":"0.00000573","f":251307},{"m":false,"E":1595665826900,"l":251308,"M":true,"q":"17297.00000000","s":"IRISBTC","a":154288,"T":1595665826898,"e":"aggTrade","p":"0.00000575","f":251308},{"m":false,"E":1595665826900,"l":251313,"M":true,"q":"13028.00000000","s":"IRISBTC","a":154289,"T":1595665826898,"e":"aggTrade","p":"0.00000576","f":251309},{"m":false,"E":1595665826900,"l":251318,"M":true,"q":"15562.00000000","s":"IRISBTC","a":154290,"T":1595665826898,"e":"aggTrade","p":"0.00000577","f":251314},{"m":false,"E":1595665826900,"l":251320,"M":true,"q":"19113.00000000","s":"IRISBTC","a":154291,"T":1595665826898,"e":"aggTrade","p":"0.00000578","f":251319},{"m":true,"E":1595665827023,"l":251321,"M":true,"q":"1066.00000000","s":"IRISBTC","a":154292,"T":1595665827022,"e":"aggTrade","p":"0.00000574","f":251321},{"m":false,"E":1595665827288,"l":251322,"M":true,"q":"1066.00000000","s":"IRISBTC","a":154293,"T":1595665827287,"e":"aggTrade","p":"0.00000577","f":251322},{"m":true,"E":1595665827293,"l":251323,"M":true,"q":"12346.00000000","s":"IRISBTC","a":154294,"T":1595665827292,"e":"aggTrade","p":"0.00000577","f":251323},{"m":true,"E":1595665827295,"l":251324,"M":true,"q":"179.00000000","s":"IRISBTC","a":154295,"T":1595665827293,"e":"aggTrade","p":"0.00000577","f":251324},{"m":true,"E":1595665827307,"l":251325,"M":true,"q":"6235.00000000","s":"IRISBTC","a":154296,"T":1595665827305,"e":"aggTrade","p":"0.00000577","f":251325},{"m":true,"E":1595665827307,"l":251326,"M":true,"q":"634.00000000","s":"IRISBTC","a":154297,"T":1595665827305,"e":"aggTrade","p":"0.00000577","f":251326},{"m":true,"E":1595665829498,"l":251327,"M":true,"q":"1138.00000000","s":"IRISBTC","a":154298,"T":1595665829495,"e":"aggTrade","p":"0.00000573","f":251327},{"m":false,"E":1595665830823,"l":251328,"M":true,"q":"11927.00000000","s":"IRISBTC","a":154299,"T":1595665830821,"e":"aggTrade","p":"0.00000577","f":251328},{"m":true,"E":1595665830975,"l":251329,"M":true,"q":"11357.00000000","s":"IRISBTC","a":154300,"T":1595665830973,"e":"aggTrade","p":"0.00000577","f":251329},{"m":true,"E":1595665831243,"l":251330,"M":true,"q":"226.00000000","s":"IRISBTC","a":154301,"T":1595665831242,"e":"aggTrade","p":"0.00000577","f":251330},{"m":false,"E":1595665831421,"l":251335,"M":true,"q":"44857.00000000","s":"IRISBTC","a":154302,"T":1595665831419,"e":"aggTrade","p":"0.00000578","f":251331},{"m":false,"E":1595665831421,"l":251338,"M":true,"q":"50627.00000000","s":"IRISBTC","a":154303,"T":1595665831419,"e":"aggTrade","p":"0.00000579","f":251336},{"m":true,"E":1595665832897,"l":251339,"M":true,"q":"1855.00000000","s":"IRISBTC","a":154304,"T":1595665832896,"e":"aggTrade","p":"0.00000577","f":251339},{"m":true,"E":1595665833854,"l":251340,"M":true,"q":"114.00000000","s":"IRISBTC","a":154305,"T":1595665833853,"e":"aggTrade","p":"0.00000577","f":251340},{"m":true,"E":1595665834129,"l":251341,"M":true,"q":"674.00000000","s":"IRISBTC","a":154306,"T":1595665834128,"e":"aggTrade","p":"0.00000577","f":251341},{"m":false,"E":1595665834752,"l":251342,"M":true,"q":"19364.00000000","s":"IRISBTC","a":154307,"T":1595665834751,"e":"aggTrade","p":"0.00000579","f":251342},{"m":true,"E":1595665834990,"l":251343,"M":true,"q":"1855.00000000","s":"IRISBTC","a":154308,"T":1595665834989,"e":"aggTrade","p":"0.00000577","f":251343},{"m":true,"E":1595665835106,"l":251344,"M":true,"q":"1027.00000000","s":"IRISBTC","a":154309,"T":1595665835105,"e":"aggTrade","p":"0.00000577","f":251344},{"m":true,"E":1595665835200,"l":251345,"M":true,"q":"1037.00000000","s":"IRISBTC","a":154310,"T":1595665835199,"e":"aggTrade","p":"0.00000577","f":251345},{"m":false,"E":1595665835428,"l":251346,"M":true,"q":"54498.00000000","s":"IRISBTC","a":154311,"T":1595665835427,"e":"aggTrade","p":"0.00000579","f":251346},{"m":true,"E":1595665836119,"l":251347,"M":true,"q":"8786.00000000","s":"IRISBTC","a":154312,"T":1595665836118,"e":"aggTrade","p":"0.00000577","f":251347},{"m":false,"E":1595665836701,"l":251348,"M":true,"q":"25137.00000000","s":"IRISBTC","a":154313,"T":1595665836700,"e":"aggTrade","p":"0.00000579","f":251348},{"m":true,"E":1595665837371,"l":251351,"M":true,"q":"22493.00000000","s":"IRISBTC","a":154314,"T":1595665837369,"e":"aggTrade","p":"0.00000577","f":251349},{"m":false,"E":1595665838738,"l":251352,"M":true,"q":"21470.00000000","s":"IRISBTC","a":154315,"T":1595665838737,"e":"aggTrade","p":"0.00000577","f":251352},{"m":false,"E":1595665838738,"l":251353,"M":true,"q":"12812.00000000","s":"IRISBTC","a":154316,"T":1595665838737,"e":"aggTrade","p":"0.00000579","f":251353},{"m":true,"E":1595665839387,"l":251354,"M":true,"q":"40.00000000","s":"IRISBTC","a":154317,"T":1595665839386,"e":"aggTrade","p":"0.00000576","f":251354},{"m":false,"E":1595665840708,"l":251359,"M":true,"q":"25722.00000000","s":"IRISBTC","a":154318,"T":1595665840706,"e":"aggTrade","p":"0.00000579","f":251355},{"m":true,"E":1595665843158,"l":251360,"M":true,"q":"135.00000000","s":"IRISBTC","a":154319,"T":1595665843157,"e":"aggTrade","p":"0.00000576","f":251360},{"m":true,"E":1595665843158,"l":251362,"M":true,"q":"1512.00000000","s":"IRISBTC","a":154320,"T":1595665843157,"e":"aggTrade","p":"0.00000573","f":251361},{"m":false,"E":1595665843480,"l":251364,"M":true,"q":"2021.00000000","s":"IRISBTC","a":154321,"T":1595665843479,"e":"aggTrade","p":"0.00000579","f":251363},{"m":true,"E":1595665843557,"l":251365,"M":true,"q":"685.00000000","s":"IRISBTC","a":154322,"T":1595665843556,"e":"aggTrade","p":"0.00000575","f":251365},{"m":false,"E":1595665843644,"l":251366,"M":true,"q":"7591.00000000","s":"IRISBTC","a":154323,"T":1595665843643,"e":"aggTrade","p":"0.00000579","f":251366},{"m":true,"E":1595665843773,"l":251367,"M":true,"q":"905.00000000","s":"IRISBTC","a":154324,"T":1595665843772,"e":"aggTrade","p":"0.00000575","f":251367},{"m":false,"E":1595665844016,"l":251369,"M":true,"q":"17436.00000000","s":"IRISBTC","a":154325,"T":1595665844015,"e":"aggTrade","p":"0.00000579","f":251368},{"m":false,"E":1595665844319,"l":251370,"M":true,"q":"244.00000000","s":"IRISBTC","a":154326,"T":1595665844318,"e":"aggTrade","p":"0.00000579","f":251370},{"m":false,"E":1595665844935,"l":251371,"M":true,"q":"22916.00000000","s":"IRISBTC","a":154327,"T":1595665844934,"e":"aggTrade","p":"0.00000579","f":251371},{"m":true,"E":1595665845210,"l":251372,"M":true,"q":"38.00000000","s":"IRISBTC","a":154328,"T":1595665845209,"e":"aggTrade","p":"0.00000579","f":251372},{"m":false,"E":1595665845758,"l":251374,"M":true,"q":"2005.00000000","s":"IRISBTC","a":154329,"T":1595665845757,"e":"aggTrade","p":"0.00000580","f":251373},{"m":true,"E":1595665846235,"l":251375,"M":true,"q":"3000.00000000","s":"IRISBTC","a":154330,"T":1595665846234,"e":"aggTrade","p":"0.00000579","f":251375},{"m":true,"E":1595665846720,"l":251376,"M":true,"q":"26177.00000000","s":"IRISBTC","a":154331,"T":1595665846719,"e":"aggTrade","p":"0.00000579","f":251376},{"m":false,"E":1595665846753,"l":251377,"M":true,"q":"162.00000000","s":"IRISBTC","a":154332,"T":1595665846753,"e":"aggTrade","p":"0.00000580","f":251377},{"m":true,"E":1595665847023,"l":251378,"M":true,"q":"174.00000000","s":"IRISBTC","a":154333,"T":1595665847022,"e":"aggTrade","p":"0.00000579","f":251378},{"m":false,"E":1595665848282,"l":251381,"M":true,"q":"823.00000000","s":"IRISBTC","a":154334,"T":1595665848280,"e":"aggTrade","p":"0.00000580","f":251379},{"m":false,"E":1595665848386,"l":251382,"M":true,"q":"3037.00000000","s":"IRISBTC","a":154335,"T":1595665848385,"e":"aggTrade","p":"0.00000580","f":251382},{"m":false,"E":1595665848930,"l":251383,"M":true,"q":"729.00000000","s":"IRISBTC","a":154336,"T":1595665848929,"e":"aggTrade","p":"0.00000580","f":251383},{"m":false,"E":1595665849254,"l":251384,"M":true,"q":"39.00000000","s":"IRISBTC","a":154337,"T":1595665849253,"e":"aggTrade","p":"0.00000580","f":251384},{"m":true,"E":1595665850141,"l":251385,"M":true,"q":"984.00000000","s":"IRISBTC","a":154338,"T":1595665850140,"e":"aggTrade","p":"0.00000579","f":251385}