[{"peak":"","transactionList":[]},{"peak":"7.95777507|1140,-5.70463129|1080,3.37904989|930,-5.02827141|990,3.23101777|540,-4.26269631|1740,5.95553743|2640,-10.32066256|4620,3.27033340|1290,-6.48127874|2370,5.56163784|4620,-5.19310495|3120,5.17128518|4428,5.89133755|5227","transactionList":[{},{},{},{},{},{},{},{},{},{},{},{},{},[{"m":true,"E":1592980653258,"l":22469234,"M":true,"q":"508.00000000","s":"IOTABTC","a":18976853,"T":1592980653257,"e":"aggTrade","p":"0.00002426","f":22469234},{"m":true,"E":1592980656859,"l":22469235,"M":true,"q":"345.00000000","s":"IOTABTC","a":18976854,"T":1592980656858,"e":"aggTrade","p":"0.00002426","f":22469235},{"m":true,"E":1592980657960,"l":22469236,"M":true,"q":"239.00000000","s":"IOTABTC","a":18976855,"T":1592980657959,"e":"aggTrade","p":"0.00002426","f":22469236},{"m":true,"E":1592980657968,"l":22469237,"M":true,"q":"409.00000000","s":"IOTABTC","a":18976856,"T":1592980657967,"e":"aggTrade","p":"0.00002426","f":22469237}]]},{"peak":"-13.15192744|7380,9.29705215|4620,-7.58928571|600,10.04464286|3720,-7.17391304|1140,13.69565217|4560,-5.65656566|3210,6.26262626|2388,-5.83501006|549,10.06036217|210,-3.79506641|321,5.88235294|653,-3.33333333|318,-7.51445087|1160","transactionList":[{},{},{},{},{},{},{},{},{},{},{},{},{},[{"m":true,"E":1592985638053,"l":6545782,"M":true,"q":"11267.00000000","s":"BTSBTC","a":5413642,"T":1592985638039,"e":"aggTrade","p":"0.00000262","f":6545782},{"m":false,"E":1592985650958,"l":6545785,"M":true,"q":"754.00000000","s":"BTSBTC","a":5413643,"T":1592985650957,"e":"aggTrade","p":"0.00000265","f":6545783},{"m":true,"E":1592985663920,"l":6545812,"M":true,"q":"117657.00000000","s":"BTSBTC","a":5413644,"T":1592985663901,"e":"aggTrade","p":"0.00000262","f":6545786},{"m":true,"E":1592985663977,"l":6545813,"M":true,"q":"3163.00000000","s":"BTSBTC","a":5413645,"T":1592985663944,"e":"aggTrade","p":"0.00000262","f":6545813},{"m":false,"E":1592985664582,"l":6545814,"M":true,"q":"994.00000000","s":"BTSBTC","a":5413646,"T":1592985664574,"e":"aggTrade","p":"0.00000263","f":6545814},{"m":false,"E":1592985666672,"l":6545815,"M":true,"q":"80.00000000","s":"BTSBTC","a":5413647,"T":1592985666671,"e":"aggTrade","p":"0.00000263","f":6545815},{"m":true,"E":1592985667233,"l":6545816,"M":true,"q":"558.00000000","s":"BTSBTC","a":5413648,"T":1592985667223,"e":"aggTrade","p":"0.00000261","f":6545816},{"m":true,"E":1592985667234,"l":6545817,"M":true,"q":"250.00000000","s":"BTSBTC","a":5413649,"T":1592985667223,"e":"aggTrade","p":"0.00000261","f":6545817},{"m":true,"E":1592985667234,"l":6545818,"M":true,"q":"250.00000000","s":"BTSBTC","a":5413650,"T":1592985667223,"e":"aggTrade","p":"0.00000261","f":6545818},{"m":true,"E":1592985667234,"l":6545819,"M":true,"q":"125.00000000","s":"BTSBTC","a":5413651,"T":1592985667223,"e":"aggTrade","p":"0.00000261","f":6545819},{"m":true,"E":1592985667235,"l":6545820,"M":true,"q":"674.00000000","s":"BTSBTC","a":5413652,"T":1592985667223,"e":"aggTrade","p":"0.00000261","f":6545820},{"m":true,"E":1592985667236,"l":6545828,"M":true,"q":"1992.00000000","s":"BTSBTC","a":5413653,"T":1592985667223,"e":"aggTrade","p":"0.00000261","f":6545821},{"m":true,"E":1592985667237,"l":6545831,"M":true,"q":"24081.00000000","s":"BTSBTC","a":5413654,"T":1592985667223,"e":"aggTrade","p":"0.00000261","f":6545829},{"m":true,"E":1592985667240,"l":6545845,"M":true,"q":"24799.00000000","s":"BTSBTC","a":5413655,"T":1592985667223,"e":"aggTrade","p":"0.00000261","f":6545832},{"m":true,"E":1592985667240,"l":6545846,"M":true,"q":"5144.00000000","s":"BTSBTC","a":5413656,"T":1592985667223,"e":"aggTrade","p":"0.00000261","f":6545846},{"m":true,"E":1592985667240,"l":6545847,"M":true,"q":"9952.00000000","s":"BTSBTC","a":5413657,"T":1592985667223,"e":"aggTrade","p":"0.00000261","f":6545847},{"m":false,"E":1592985667316,"l":6545848,"M":true,"q":"100.00000000","s":"BTSBTC","a":5413658,"T":1592985667301,"e":"aggTrade","p":"0.00000263","f":6545848},{"m":false,"E":1592985682743,"l":6545850,"M":true,"q":"180.00000000","s":"BTSBTC","a":5413659,"T":1592985682741,"e":"aggTrade","p":"0.00000262","f":6545849},{"m":true,"E":1592985682872,"l":6545868,"M":true,"q":"355461.00000000","s":"BTSBTC","a":5413660,"T":1592985682862,"e":"aggTrade","p":"0.00000261","f":6545851},{"m":true,"E":1592985682872,"l":6545888,"M":true,"q":"11818.00000000","s":"BTSBTC","a":5413661,"T":1592985682862,"e":"aggTrade","p":"0.00000260","f":6545869},{"m":true,"E":1592985682872,"l":6545891,"M":true,"q":"2665.00000000","s":"BTSBTC","a":5413662,"T":1592985682862,"e":"aggTrade","p":"0.00000260","f":6545889},{"m":true,"E":1592985682872,"l":6545897,"M":true,"q":"13465.00000000","s":"BTSBTC","a":5413663,"T":1592985682862,"e":"aggTrade","p":"0.00000260","f":6545892},{"m":true,"E":1592985682872,"l":6545899,"M":true,"q":"383.00000000","s":"BTSBTC","a":5413664,"T":1592985682862,"e":"aggTrade","p":"0.00000260","f":6545898},{"m":true,"E":1592985682872,"l":6545900,"M":true,"q":"520.00000000","s":"BTSBTC","a":5413665,"T":1592985682862,"e":"aggTrade","p":"0.00000260","f":6545900},{"m":true,"E":1592985682872,"l":6545901,"M":true,"q":"1975.00000000","s":"BTSBTC","a":5413666,"T":1592985682862,"e":"aggTrade","p":"0.00000260","f":6545901},{"m":true,"E":1592985682880,"l":6545926,"M":true,"q":"210217.00000000","s":"BTSBTC","a":5413667,"T":1592985682862,"e":"aggTrade","p":"0.00000260","f":6545902},{"m":true,"E":1592985682880,"l":6545942,"M":true,"q":"59095.00000000","s":"BTSBTC","a":5413668,"T":1592985682862,"e":"aggTrade","p":"0.00000259","f":6545927},{"m":true,"E":1592985682880,"l":6545944,"M":true,"q":"2415.00000000","s":"BTSBTC","a":5413669,"T":1592985682862,"e":"aggTrade","p":"0.00000259","f":6545943},{"m":true,"E":1592985682880,"l":6545945,"M":true,"q":"193.00000000","s":"BTSBTC","a":5413670,"T":1592985682862,"e":"aggTrade","p":"0.00000259","f":6545945},{"m":true,"E":1592985682880,"l":6545947,"M":true,"q":"293.00000000","s":"BTSBTC","a":5413671,"T":1592985682862,"e":"aggTrade","p":"0.00000259","f":6545946},{"m":true,"E":1592985682880,"l":6545948,"M":true,"q":"1004.00000000","s":"BTSBTC","a":5413672,"T":1592985682862,"e":"aggTrade","p":"0.00000259","f":6545948},{"m":true,"E":1592985682880,"l":6545949,"M":true,"q":"53800.00000000","s":"BTSBTC","a":5413673,"T":1592985682862,"e":"aggTrade","p":"0.00000259","f":6545949},{"m":false,"E":1592985682903,"l":6545950,"M":true,"q":"4321.00000000","s":"BTSBTC","a":5413674,"T":1592985682885,"e":"aggTrade","p":"0.00000260","f":6545950},{"m":false,"E":1592985682904,"l":6545951,"M":true,"q":"4321.00000000","s":"BTSBTC","a":5413675,"T":1592985682886,"e":"aggTrade","p":"0.00000260","f":6545951},{"m":false,"E":1592985682909,"l":6545953,"M":true,"q":"39868.00000000","s":"BTSBTC","a":5413676,"T":1592985682888,"e":"aggTrade","p":"0.00000260","f":6545952},{"m":false,"E":1592985682964,"l":6545954,"M":true,"q":"13.00000000","s":"BTSBTC","a":5413677,"T":1592985682908,"e":"aggTrade","p":"0.00000263","f":6545954},{"m":false,"E":1592985683073,"l":6545955,"M":true,"q":"960.00000000","s":"BTSBTC","a":5413678,"T":1592985683061,"e":"aggTrade","p":"0.00000262","f":6545955},{"m":false,"E":1592985683215,"l":6545956,"M":true,"q":"3826.00000000","s":"BTSBTC","a":5413679,"T":1592985683213,"e":"aggTrade","p":"0.00000261","f":6545956},{"m":false,"E":1592985683667,"l":6545957,"M":true,"q":"495.00000000","s":"BTSBTC","a":5413680,"T":1592985683666,"e":"aggTrade","p":"0.00000261","f":6545957},{"m":false,"E":1592985683832,"l":6545958,"M":true,"q":"77.00000000","s":"BTSBTC","a":5413681,"T":1592985683831,"e":"aggTrade","p":"0.00000261","f":6545958},{"m":false,"E":1592985683833,"l":6545959,"M":true,"q":"3094.00000000","s":"BTSBTC","a":5413682,"T":1592985683831,"e":"aggTrade","p":"0.00000262","f":6545959},{"m":false,"E":1592985684128,"l":6545960,"M":true,"q":"495.00000000","s":"BTSBTC","a":5413683,"T":1592985684127,"e":"aggTrade","p":"0.00000262","f":6545960},{"m":true,"E":1592985684253,"l":6545961,"M":true,"q":"495.00000000","s":"BTSBTC","a":5413684,"T":1592985684252,"e":"aggTrade","p":"0.00000260","f":6545961},{"m":true,"E":1592985685500,"l":6545964,"M":true,"q":"16080.00000000","s":"BTSBTC","a":5413685,"T":1592985685498,"e":"aggTrade","p":"0.00000260","f":6545962},{"m":true,"E":1592985685510,"l":6545965,"M":true,"q":"24281.00000000","s":"BTSBTC","a":5413686,"T":1592985685509,"e":"aggTrade","p":"0.00000260","f":6545965},{"m":false,"E":1592985686144,"l":6545967,"M":true,"q":"1731.00000000","s":"BTSBTC","a":5413687,"T":1592985686142,"e":"aggTrade","p":"0.00000261","f":6545966},{"m":false,"E":1592985686144,"l":6545968,"M":true,"q":"540.00000000","s":"BTSBTC","a":5413688,"T":1592985686142,"e":"aggTrade","p":"0.00000262","f":6545968},{"m":true,"E":1592985686914,"l":6545970,"M":true,"q":"5544.00000000","s":"BTSBTC","a":5413689,"T":1592985686912,"e":"aggTrade","p":"0.00000260","f":6545969},{"m":true,"E":1592985686926,"l":6545973,"M":true,"q":"9994.00000000","s":"BTSBTC","a":5413690,"T":1592985686925,"e":"aggTrade","p":"0.00000260","f":6545971},{"m":true,"E":1592985687592,"l":6545974,"M":true,"q":"2000.00000000","s":"BTSBTC","a":5413691,"T":1592985687591,"e":"aggTrade","p":"0.00000260","f":6545974},{"m":true,"E":1592985687965,"l":6545978,"M":true,"q":"35144.00000000","s":"BTSBTC","a":5413692,"T":1592985687924,"e":"aggTrade","p":"0.00000260","f":6545975},{"m":true,"E":1592985690096,"l":6545979,"M":true,"q":"3830.00000000","s":"BTSBTC","a":5413693,"T":1592985690094,"e":"aggTrade","p":"0.00000259","f":6545979},{"m":false,"E":1592985690415,"l":6545980,"M":true,"q":"829.00000000","s":"BTSBTC","a":5413694,"T":1592985690414,"e":"aggTrade","p":"0.00000260","f":6545980},{"m":false,"E":1592985690508,"l":6545981,"M":true,"q":"108.00000000","s":"BTSBTC","a":5413695,"T":1592985690507,"e":"aggTrade","p":"0.00000260","f":6545981},{"m":true,"E":1592985690631,"l":6545982,"M":true,"q":"720.00000000","s":"BTSBTC","a":5413696,"T":1592985690630,"e":"aggTrade","p":"0.00000260","f":6545982},{"m":true,"E":1592985690755,"l":6545983,"M":true,"q":"4076.00000000","s":"BTSBTC","a":5413697,"T":1592985690753,"e":"aggTrade","p":"0.00000259","f":6545983},{"m":false,"E":1592985691023,"l":6545984,"M":true,"q":"499.00000000","s":"BTSBTC","a":5413698,"T":1592985691022,"e":"aggTrade","p":"0.00000260","f":6545984},{"m":false,"E":1592985692281,"l":6545985,"M":true,"q":"356.00000000","s":"BTSBTC","a":5413699,"T":1592985692271,"e":"aggTrade","p":"0.00000260","f":6545985},{"m":false,"E":1592985692288,"l":6545987,"M":true,"q":"178.00000000","s":"BTSBTC","a":5413700,"T":1592985692275,"e":"aggTrade","p":"0.00000261","f":6545986},{"m":true,"E":1592985693230,"l":6545989,"M":true,"q":"3076.00000000","s":"BTSBTC","a":5413701,"T":1592985693229,"e":"aggTrade","p":"0.00000260","f":6545988},{"m":true,"E":1592985693238,"l":6545990,"M":true,"q":"5067.00000000","s":"BTSBTC","a":5413702,"T":1592985693237,"e":"aggTrade","p":"0.00000259","f":6545990},{"m":true,"E":1592985693455,"l":6545991,"M":true,"q":"767.00000000","s":"BTSBTC","a":5413703,"T":1592985693454,"e":"aggTrade","p":"0.00000259","f":6545991},{"m":true,"E":1592985693950,"l":6545992,"M":true,"q":"1311.00000000","s":"BTSBTC","a":5413704,"T":1592985693949,"e":"aggTrade","p":"0.00000259","f":6545992},{"m":true,"E":1592985694230,"l":6546004,"M":true,"q":"40592.00000000","s":"BTSBTC","a":5413705,"T":1592985694220,"e":"aggTrade","p":"0.00000259","f":6545993},{"m":true,"E":1592985694230,"l":6546020,"M":true,"q":"59727.00000000","s":"BTSBTC","a":5413706,"T":1592985694220,"e":"aggTrade","p":"0.00000258","f":6546005},{"m":true,"E":1592985694230,"l":6546021,"M":true,"q":"1912.00000000","s":"BTSBTC","a":5413707,"T":1592985694220,"e":"aggTrade","p":"0.00000258","f":6546021},{"m":true,"E":1592985694230,"l":6546022,"M":true,"q":"193.00000000","s":"BTSBTC","a":5413708,"T":1592985694220,"e":"aggTrade","p":"0.00000258","f":6546022},{"m":true,"E":1592985694230,"l":6546023,"M":true,"q":"781.00000000","s":"BTSBTC","a":5413709,"T":1592985694220,"e":"aggTrade","p":"0.00000258","f":6546023},{"m":true,"E":1592985694230,"l":6546024,"M":true,"q":"210.00000000","s":"BTSBTC","a":5413710,"T":1592985694220,"e":"aggTrade","p":"0.00000258","f":6546024},{"m":true,"E":1592985694230,"l":6546025,"M":true,"q":"210.00000000","s":"BTSBTC","a":5413711,"T":1592985694220,"e":"aggTrade","p":"0.00000258","f":6546025},{"m":true,"E":1592985694230,"l":6546026,"M":true,"q":"1000.00000000","s":"BTSBTC","a":5413712,"T":1592985694220,"e":"aggTrade","p":"0.00000258","f":6546026},{"m":false,"E":1592985695728,"l":6546027,"M":true,"q":"142.00000000","s":"BTSBTC","a":5413713,"T":1592985695726,"e":"aggTrade","p":"0.00000261","f":6546027},{"m":false,"E":1592985695728,"l":6546028,"M":true,"q":"633.00000000","s":"BTSBTC","a":5413714,"T":1592985695726,"e":"aggTrade","p":"0.00000262","f":6546028},{"m":false,"E":1592985696805,"l":6546029,"M":true,"q":"80.00000000","s":"BTSBTC","a":5413715,"T":1592985696804,"e":"aggTrade","p":"0.00000260","f":6546029},{"m":true,"E":1592985697526,"l":6546030,"M":true,"q":"496.00000000","s":"BTSBTC","a":5413716,"T":1592985697524,"e":"aggTrade","p":"0.00000260","f":6546030},{"m":false,"E":1592985698710,"l":6546031,"M":true,"q":"11.00000000","s":"BTSBTC","a":5413717,"T":1592985698709,"e":"aggTrade","p":"0.00000261","f":6546031},{"m":false,"E":1592985699885,"l":6546034,"M":true,"q":"5041.00000000","s":"BTSBTC","a":5413718,"T":1592985699884,"e":"aggTrade","p":"0.00000261","f":6546032},{"m":true,"E":1592985703641,"l":6546036,"M":true,"q":"157.00000000","s":"BTSBTC","a":5413719,"T":1592985703639,"e":"aggTrade","p":"0.00000260","f":6546035},{"m":true,"E":1592985703641,"l":6546037,"M":true,"q":"1843.00000000","s":"BTSBTC","a":5413720,"T":1592985703639,"e":"aggTrade","p":"0.00000259","f":6546037},{"m":false,"E":1592985705759,"l":6546038,"M":true,"q":"100.00000000","s":"BTSBTC","a":5413721,"T":1592985705758,"e":"aggTrade","p":"0.00000261","f":6546038},{"m":true,"E":1592985713995,"l":6546045,"M":true,"q":"3826.00000000","s":"BTSBTC","a":5413722,"T":1592985713992,"e":"aggTrade","p":"0.00000259","f":6546039},{"m":false,"E":1592985715911,"l":6546046,"M":true,"q":"80.00000000","s":"BTSBTC","a":5413723,"T":1592985715910,"e":"aggTrade","p":"0.00000260","f":6546046},{"m":false,"E":1592985715911,"l":6546049,"M":true,"q":"2070.00000000","s":"BTSBTC","a":5413724,"T":1592985715910,"e":"aggTrade","p":"0.00000261","f":6546047},{"m":true,"E":1592985715923,"l":6546050,"M":true,"q":"7840.00000000","s":"BTSBTC","a":5413725,"T":1592985715922,"e":"aggTrade","p":"0.00000261","f":6546050},{"m":false,"E":1592985720986,"l":6546052,"M":true,"q":"168.00000000","s":"BTSBTC","a":5413726,"T":1592985720985,"e":"aggTrade","p":"0.00000261","f":6546051},{"m":true,"E":1592985731696,"l":6546054,"M":true,"q":"596.00000000","s":"BTSBTC","a":5413727,"T":1592985731695,"e":"aggTrade","p":"0.00000260","f":6546053},{"m":false,"E":1592985732917,"l":6546055,"M":true,"q":"288.00000000","s":"BTSBTC","a":5413728,"T":1592985732916,"e":"aggTrade","p":"0.00000262","f":6546055},{"m":false,"E":1592985735175,"l":6546056,"M":true,"q":"80.00000000","s":"BTSBTC","a":5413729,"T":1592985735173,"e":"aggTrade","p":"0.00000261","f":6546056},{"m":false,"E":1592985735175,"l":6546058,"M":true,"q":"95.00000000","s":"BTSBTC","a":5413730,"T":1592985735173,"e":"aggTrade","p":"0.00000262","f":6546057},{"m":false,"E":1592985736796,"l":6546063,"M":true,"q":"3819.00000000","s":"BTSBTC","a":5413731,"T":1592985736794,"e":"aggTrade","p":"0.00000262","f":6546059},{"m":true,"E":1592985743736,"l":6546065,"M":true,"q":"235.00000000","s":"BTSBTC","a":5413732,"T":1592985743733,"e":"aggTrade","p":"0.00000261","f":6546064},{"m":true,"E":1592985743736,"l":6546067,"M":true,"q":"374.00000000","s":"BTSBTC","a":5413733,"T":1592985743733,"e":"aggTrade","p":"0.00000260","f":6546066}]]},{"peak":"6.23973727|540,-5.20325203|480,6.01626016|3810,-4.07023144|1920,7.66161213|810,-4.61419155|720,16.55680496|2340,-4.48383733|180,16.37122002|1020,-6.15091947|330,12.07989854|630,-6.25187857|870,5.44033664|1290,-6.30303030|420,7.63636364|90,-5.84028605|420,5.09535161|360,-14.43867618|1080,8.40363400|1320,-7.35861183|1230,8.00128535|720,-10.12450852|2310,10.74705111|1080,-6.82680152|1080,3.41340076|120,-7.34908136|1806,8.33333333|357,-21.04105572|1203,3.29912023|162,-3.29912023|516,4.58211144|538,4.58211144|538","transactionList":[{},{},{},{},{},{},{},{},{},{},{},{},{},{},{},{},{},{},{},{},{},{},{},{},{},{},{},{},{},{},{},[{"m":false,"l":4350127,"M":true,"q":"19.00000000","a":3067090,"T":1592950875362,"p":"0.00001410","f":4350127},{"m":false,"l":4350130,"M":true,"q":"14684.00000000","a":3067091,"T":1592950893386,"p":"0.00001411","f":4350128},{"m":false,"l":4350142,"M":true,"q":"3915.00000000","a":3067092,"T":1592950916112,"p":"0.00001411","f":4350131},{"m":false,"l":4350153,"M":true,"q":"1908.00000000","a":3067093,"T":1592950916112,"p":"0.00001412","f":4350143},{"m":false,"l":4350154,"M":true,"q":"748.00000000","a":3067094,"T":1592950916112,"p":"0.00001413","f":4350154},{"m":false,"l":4350155,"M":true,"q":"1432.00000000","a":3067095,"T":1592950916112,"p":"0.00001414","f":4350155},{"m":false,"l":4350157,"M":true,"q":"767.00000000","a":3067096,"T":1592950916112,"p":"0.00001415","f":4350156},{"m":false,"l":4350167,"M":true,"q":"3406.00000000","a":3067097,"T":1592950916112,"p":"0.00001416","f":4350158},{"m":false,"l":4350170,"M":true,"q":"146.00000000","a":3067098,"T":1592950917301,"p":"0.00001417","f":4350168},{"m":false,"l":4350174,"M":true,"q":"125.00000000","a":3067099,"T":1592950921373,"p":"0.00001417","f":4350171},{"m":false,"l":4350175,"M":true,"q":"5171.00000000","a":3067100,"T":1592950922196,"p":"0.00001417","f":4350175},{"m":false,"l":4350178,"M":true,"q":"7765.00000000","a":3067101,"T":1592950922196,"p":"0.00001418","f":4350176},{"m":false,"l":4350193,"M":true,"q":"1264.00000000","a":3067102,"T":1592950922196,"p":"0.00001419","f":4350179},{"m":false,"l":4350210,"M":true,"q":"28717.00000000","a":3067103,"T":1592950922196,"p":"0.00001420","f":4350194},{"m":false,"l":4350222,"M":true,"q":"835.00000000","a":3067104,"T":1592950922898,"p":"0.00001421","f":4350211},{"m":false,"l":4350225,"M":true,"q":"1124.00000000","a":3067105,"T":1592950922898,"p":"0.00001422","f":4350223},{"m":true,"l":4350226,"M":true,"q":"89.00000000","a":3067106,"T":1592950923398,"p":"0.00001420","f":4350226},{"m":true,"l":4350227,"M":true,"q":"22.00000000","a":3067107,"T":1592950925637,"p":"0.00001420","f":4350227},{"m":true,"l":4350228,"M":true,"q":"6981.00000000","a":3067108,"T":1592950926322,"p":"0.00001420","f":4350228},{"m":true,"l":4350229,"M":true,"q":"92.00000000","a":3067109,"T":1592950927360,"p":"0.00001420","f":4350229},{"m":true,"l":4350230,"M":true,"q":"20321.00000000","a":3067110,"T":1592950927643,"p":"0.00001420","f":4350230},{"m":true,"l":4350231,"M":true,"q":"34883.00000000","a":3067111,"T":1592950927643,"p":"0.00001416","f":4350231},{"m":true,"l":4350232,"M":true,"q":"93.00000000","a":3067112,"T":1592950934569,"p":"0.00001416","f":4350232},{"m":true,"l":4350233,"M":true,"q":"359.00000000","a":3067113,"T":1592950934649,"p":"0.00001416","f":4350233},{"m":true,"l":4350234,"M":true,"q":"8.00000000","a":3067114,"T":1592950934671,"p":"0.00001416","f":4350234},{"m":true,"l":4350235,"M":true,"q":"216.00000000","a":3067115,"T":1592950934684,"p":"0.00001416","f":4350235},{"m":true,"l":4350236,"M":true,"q":"44.00000000","a":3067116,"T":1592950934728,"p":"0.00001416","f":4350236},{"m":true,"l":4350237,"M":true,"q":"1698.00000000","a":3067117,"T":1592950934828,"p":"0.00001416","f":4350237},{"m":true,"l":4350238,"M":true,"q":"44.00000000","a":3067118,"T":1592950934836,"p":"0.00001416","f":4350238},{"m":true,"l":4350239,"M":true,"q":"23.00000000","a":3067119,"T":1592950934849,"p":"0.00001416","f":4350239},{"m":true,"l":4350240,"M":true,"q":"72.00000000","a":3067120,"T":1592950934871,"p":"0.00001416","f":4350240},{"m":true,"l":4350241,"M":true,"q":"45.00000000","a":3067121,"T":1592950935409,"p":"0.00001416","f":4350241},{"m":true,"l":4350242,"M":true,"q":"575.00000000","a":3067122,"T":1592950936602,"p":"0.00001416","f":4350242},{"m":false,"l":4350243,"M":true,"q":"33.00000000","a":3067123,"T":1592950949023,"p":"0.00001422","f":4350243},{"m":false,"l":4350249,"M":true,"q":"10499.00000000","a":3067124,"T":1592950949023,"p":"0.00001424","f":4350244},{"m":false,"l":4350252,"M":true,"q":"367.00000000","a":3067125,"T":1592950949023,"p":"0.00001425","f":4350250},{"m":false,"l":4350254,"M":true,"q":"1562.00000000","a":3067126,"T":1592950949352,"p":"0.00001426","f":4350253},{"m":false,"l":4350269,"M":true,"q":"3060.00000000","a":3067127,"T":1592950949770,"p":"0.00001427","f":4350255},{"m":false,"l":4350270,"M":true,"q":"253.00000000","a":3067128,"T":1592950950167,"p":"0.00001428","f":4350270},{"m":true,"l":4350271,"M":true,"q":"14.00000000","a":3067129,"T":1592950951497,"p":"0.00001425","f":4350271},{"m":false,"l":4350273,"M":true,"q":"133.00000000","a":3067130,"T":1592950952574,"p":"0.00001429","f":4350272},{"m":false,"l":4350274,"M":true,"q":"2792.00000000","a":3067131,"T":1592950952574,"p":"0.00001430","f":4350274},{"m":true,"l":4350275,"M":true,"q":"104.00000000","a":3067132,"T":1592950960609,"p":"0.00001425","f":4350275},{"m":true,"l":4350276,"M":true,"q":"191.00000000","a":3067133,"T":1592950960619,"p":"0.00001425","f":4350276},{"m":true,"l":4350277,"M":true,"q":"9.00000000","a":3067134,"T":1592950960631,"p":"0.00001425","f":4350277},{"m":true,"l":4350278,"M":true,"q":"95.00000000","a":3067135,"T":1592950960636,"p":"0.00001425","f":4350278},{"m":true,"l":4350279,"M":true,"q":"97.00000000","a":3067136,"T":1592950960798,"p":"0.00001425","f":4350279},{"m":true,"l":4350280,"M":true,"q":"409.00000000","a":3067137,"T":1592950960979,"p":"0.00001425","f":4350280},{"m":true,"l":4350281,"M":true,"q":"48.00000000","a":3067138,"T":1592950961116,"p":"0.00001425","f":4350281},{"m":true,"l":4350282,"M":true,"q":"10.00000000","a":3067139,"T":1592950961183,"p":"0.00001425","f":4350282},{"m":true,"l":4350283,"M":true,"q":"125.00000000","a":3067140,"T":1592950961349,"p":"0.00001425","f":4350283},{"m":false,"l":4350291,"M":true,"q":"12064.00000000","a":3067141,"T":1592950961434,"p":"0.00001430","f":4350284},{"m":false,"l":4350295,"M":true,"q":"6257.00000000","a":3067142,"T":1592950961434,"p":"0.00001431","f":4350292},{"m":false,"l":4350296,"M":true,"q":"20.00000000","a":3067143,"T":1592950961434,"p":"0.00001432","f":4350296},{"m":false,"l":4350300,"M":true,"q":"5224.00000000","a":3067144,"T":1592950961434,"p":"0.00001433","f":4350297},{"m":false,"l":4350302,"M":true,"q":"530.00000000","a":3067145,"T":1592950961434,"p":"0.00001435","f":4350301},{"m":false,"l":4350303,"M":true,"q":"159.00000000","a":3067146,"T":1592950961434,"p":"0.00001436","f":4350303},{"m":false,"l":4350310,"M":true,"q":"52294.00000000","a":3067147,"T":1592950961434,"p":"0.00001437","f":4350304},{"m":true,"l":4350311,"M":true,"q":"73.00000000","a":3067148,"T":1592950961985,"p":"0.00001426","f":4350311},{"m":true,"l":4350312,"M":true,"q":"125.00000000","a":3067149,"T":1592950964163,"p":"0.00001426","f":4350312},{"m":false,"l":4350313,"M":true,"q":"1580.00000000","a":3067150,"T":1592950967800,"p":"0.00001437","f":4350313},{"m":true,"l":4350315,"M":true,"q":"220.00000000","a":3067151,"T":1592950968257,"p":"0.00001426","f":4350314},{"m":true,"l":4350316,"M":true,"q":"51.00000000","a":3067152,"T":1592950968283,"p":"0.00001426","f":4350316},{"m":true,"l":4350317,"M":true,"q":"52.00000000","a":3067153,"T":1592950968358,"p":"0.00001426","f":4350317},{"m":true,"l":4350318,"M":true,"q":"103.00000000","a":3067154,"T":1592950968496,"p":"0.00001426","f":4350318},{"m":true,"l":4350319,"M":true,"q":"67.00000000","a":3067155,"T":1592950968796,"p":"0.00001427","f":4350319},{"m":true,"l":4350320,"M":true,"q":"416.00000000","a":3067156,"T":1592950969052,"p":"0.00001427","f":4350320},{"m":false,"l":4350321,"M":true,"q":"9.00000000","a":3067157,"T":1592950970109,"p":"0.00001436","f":4350321},{"m":true,"l":4350322,"M":true,"q":"102.00000000","a":3067158,"T":1592950970238,"p":"0.00001427","f":4350322},{"m":true,"l":4350323,"M":true,"q":"116.00000000","a":3067159,"T":1592950970742,"p":"0.00001427","f":4350323},{"m":true,"l":4350324,"M":true,"q":"2.00000000","a":3067160,"T":1592950970742,"p":"0.00001426","f":4350324},{"m":true,"l":4350325,"M":true,"q":"93.00000000","a":3067161,"T":1592950971730,"p":"0.00001425","f":4350325},{"m":false,"l":4350326,"M":true,"q":"360.00000000","a":3067162,"T":1592950977263,"p":"0.00001433","f":4350326}]]},{"peak":"-8.16246057|4380,5.20504732|1200,-4.75068708|1080,8.91244601|3090,-15.15151515|2880,11.20797011|810,-4.52594616|300,11.35388217|990,-17.59373712|2640,17.26411207|2940,-5.01845018|420,6.60516605|450,-3.28923847|180,8.93814802|870,-4.34931507|330,3.28767123|180,-6.76106195|210,4.60176991|540,-4.26958363|510,5.29287227|690,-5.47896783|720,17.67408978|1614,-6.90430315|72,14.45086705|189,-5.03978780|33,3.83141762|36,-3.22297099|27,19.68942280|48,-10.37557417|51,5.75520130|12,-9.94382022|123,4.18539326|51,-3.25723831|33,4.56570156|36,-10.69849691|258,8.72384321|171,-7.08272859|270,8.85341074|177,-6.35280771|283,11.76971072|108,-9.56352516|244,7.86766750|104,-6.71067107|57,3.57535754|148,-5.10745186|196,-8.31176301|382,8.59936727|72,-3.14121825|45,4.39770554|63,-6.93900392|302,4.39283716|262","transactionList":[{},{},{},{},{},{},{},{},{},{},{},{},{},{},{},{},{},{},{},{},{},{},{},{},{},{},{},{},{},{},{},{},{},{},{},{},{},{},{},{},{},{},{},{},{},[{"m":true,"E":1592956612947,"l":3251138,"M":true,"q":"13.00000000","s":"ONGBTC","a":2462875,"T":1592956612944,"e":"aggTrade","p":"0.00001752","f":3251138},{"m":true,"E":1592956612947,"l":3251142,"M":true,"q":"334.00000000","s":"ONGBTC","a":2462876,"T":1592956612944,"e":"aggTrade","p":"0.00001750","f":3251139},{"m":true,"E":1592956612947,"l":3251144,"M":true,"q":"1166.00000000","s":"ONGBTC","a":2462877,"T":1592956612944,"e":"aggTrade","p":"0.00001749","f":3251143},{"m":true,"E":1592956613070,"l":3251147,"M":true,"q":"89.00000000","s":"ONGBTC","a":2462878,"T":1592956613068,"e":"aggTrade","p":"0.00001748","f":3251145},{"m":true,"E":1592956613083,"l":3251150,"M":true,"q":"252.00000000","s":"ONGBTC","a":2462879,"T":1592956613081,"e":"aggTrade","p":"0.00001747","f":3251148},{"m":true,"E":1592956613087,"l":3251151,"M":true,"q":"11.00000000","s":"ONGBTC","a":2462880,"T":1592956613086,"e":"aggTrade","p":"0.00001746","f":3251151},{"m":false,"E":1592956613149,"l":3251152,"M":true,"q":"62.00000000","s":"ONGBTC","a":2462881,"T":1592956613148,"e":"aggTrade","p":"0.00001749","f":3251152},{"m":true,"E":1592956613171,"l":3251155,"M":true,"q":"272.00000000","s":"ONGBTC","a":2462882,"T":1592956613170,"e":"aggTrade","p":"0.00001745","f":3251153},{"m":true,"E":1592956614353,"l":3251156,"M":true,"q":"108.00000000","s":"ONGBTC","a":2462883,"T":1592956614349,"e":"aggTrade","p":"0.00001745","f":3251156},{"m":true,"E":1592956614353,"l":3251158,"M":true,"q":"29.00000000","s":"ONGBTC","a":2462884,"T":1592956614349,"e":"aggTrade","p":"0.00001744","f":3251157},{"m":true,"E":1592956614353,"l":3251164,"M":true,"q":"1343.00000000","s":"ONGBTC","a":2462885,"T":1592956614349,"e":"aggTrade","p":"0.00001743","f":3251159},{"m":false,"E":1592956614439,"l":3251165,"M":true,"q":"792.00000000","s":"ONGBTC","a":2462886,"T":1592956614438,"e":"aggTrade","p":"0.00001749","f":3251165},{"m":true,"E":1592956615017,"l":3251166,"M":true,"q":"17.00000000","s":"ONGBTC","a":2462887,"T":1592956615015,"e":"aggTrade","p":"0.00001745","f":3251166},{"m":true,"E":1592956615017,"l":3251167,"M":true,"q":"120.00000000","s":"ONGBTC","a":2462888,"T":1592956615015,"e":"aggTrade","p":"0.00001743","f":3251167},{"m":true,"E":1592956615017,"l":3251169,"M":true,"q":"47.00000000","s":"ONGBTC","a":2462889,"T":1592956615015,"e":"aggTrade","p":"0.00001742","f":3251168},{"m":false,"E":1592956615711,"l":3251179,"M":true,"q":"140.00000000","s":"ONGBTC","a":2462890,"T":1592956615709,"e":"aggTrade","p":"0.00001746","f":3251170},{"m":false,"E":1592956615711,"l":3251180,"M":true,"q":"60.00000000","s":"ONGBTC","a":2462891,"T":1592956615709,"e":"aggTrade","p":"0.00001748","f":3251180},{"m":true,"E":1592956615743,"l":3251183,"M":true,"q":"232.00000000","s":"ONGBTC","a":2462892,"T":1592956615741,"e":"aggTrade","p":"0.00001742","f":3251181},{"m":false,"E":1592956615750,"l":3251185,"M":true,"q":"59.00000000","s":"ONGBTC","a":2462893,"T":1592956615749,"e":"aggTrade","p":"0.00001742","f":3251184},{"m":false,"E":1592956615824,"l":3251186,"M":true,"q":"6.00000000","s":"ONGBTC","a":2462894,"T":1592956615823,"e":"aggTrade","p":"0.00001742","f":3251186},{"m":true,"E":1592956618133,"l":3251187,"M":true,"q":"648.00000000","s":"ONGBTC","a":2462895,"T":1592956618132,"e":"aggTrade","p":"0.00001741","f":3251187},{"m":true,"E":1592956619731,"l":3251188,"M":true,"q":"263.00000000","s":"ONGBTC","a":2462896,"T":1592956619730,"e":"aggTrade","p":"0.00001741","f":3251188},{"m":false,"E":1592956623811,"l":3251189,"M":true,"q":"246.00000000","s":"ONGBTC","a":2462897,"T":1592956623810,"e":"aggTrade","p":"0.00001748","f":3251189},{"m":false,"E":1592956623920,"l":3251190,"M":true,"q":"343.00000000","s":"ONGBTC","a":2462898,"T":1592956623919,"e":"aggTrade","p":"0.00001748","f":3251190},{"m":false,"E":1592956626767,"l":3251191,"M":true,"q":"67.00000000","s":"ONGBTC","a":2462899,"T":1592956626766,"e":"aggTrade","p":"0.00001748","f":3251191},{"m":true,"E":1592956627555,"l":3251194,"M":true,"q":"276.00000000","s":"ONGBTC","a":2462900,"T":1592956627553,"e":"aggTrade","p":"0.00001741","f":3251192},{"m":false,"E":1592956634440,"l":3251195,"M":true,"q":"71.00000000","s":"ONGBTC","a":2462901,"T":1592956634439,"e":"aggTrade","p":"0.00001747","f":3251195},{"m":false,"E":1592956636214,"l":3251196,"M":true,"q":"85.00000000","s":"ONGBTC","a":2462902,"T":1592956636213,"e":"aggTrade","p":"0.00001747","f":3251196},{"m":false,"E":1592956636496,"l":3251197,"M":true,"q":"76.00000000","s":"ONGBTC","a":2462903,"T":1592956636495,"e":"aggTrade","p":"0.00001747","f":3251197},{"m":false,"E":1592956636618,"l":3251198,"M":true,"q":"185.00000000","s":"ONGBTC","a":2462904,"T":1592956636617,"e":"aggTrade","p":"0.00001747","f":3251198},{"m":false,"E":1592956637181,"l":3251199,"M":true,"q":"9.00000000","s":"ONGBTC","a":2462905,"T":1592956637179,"e":"aggTrade","p":"0.00001747","f":3251199},{"m":false,"E":1592956637890,"l":3251201,"M":true,"q":"417.00000000","s":"ONGBTC","a":2462906,"T":1592956637888,"e":"aggTrade","p":"0.00001747","f":3251200},{"m":false,"E":1592956637890,"l":3251202,"M":true,"q":"45.00000000","s":"ONGBTC","a":2462907,"T":1592956637888,"e":"aggTrade","p":"0.00001748","f":3251202},{"m":true,"E":1592956652742,"l":3251206,"M":true,"q":"1998.00000000","s":"ONGBTC","a":2462908,"T":1592956652740,"e":"aggTrade","p":"0.00001741","f":3251203},{"m":true,"E":1592956656122,"l":3251207,"M":true,"q":"274.00000000","s":"ONGBTC","a":2462909,"T":1592956656120,"e":"aggTrade","p":"0.00001741","f":3251207},{"m":false,"E":1592956667223,"l":3251208,"M":true,"q":"6.00000000","s":"ONGBTC","a":2462910,"T":1592956667222,"e":"aggTrade","p":"0.00001748","f":3251208},{"m":false,"E":1592956669319,"l":3251209,"M":true,"q":"6.00000000","s":"ONGBTC","a":2462911,"T":1592956669317,"e":"aggTrade","p":"0.00001748","f":3251209},{"m":true,"E":1592956671076,"l":3251212,"M":true,"q":"2240.00000000","s":"ONGBTC","a":2462912,"T":1592956671069,"e":"aggTrade","p":"0.00001741","f":3251210},{"m":true,"E":1592956671076,"l":3251214,"M":true,"q":"18.00000000","s":"ONGBTC","a":2462913,"T":1592956671069,"e":"aggTrade","p":"0.00001740","f":3251213},{"m":true,"E":1592956671076,"l":3251216,"M":true,"q":"29.00000000","s":"ONGBTC","a":2462914,"T":1592956671069,"e":"aggTrade","p":"0.00001739","f":3251215},{"m":true,"E":1592956671076,"l":3251219,"M":true,"q":"179.00000000","s":"ONGBTC","a":2462915,"T":1592956671069,"e":"aggTrade","p":"0.00001738","f":3251217},{"m":true,"E":1592956671076,"l":3251222,"M":true,"q":"4218.00000000","s":"ONGBTC","a":2462916,"T":1592956671069,"e":"aggTrade","p":"0.00001737","f":3251220},{"m":true,"E":1592956671099,"l":3251223,"M":true,"q":"98.00000000","s":"ONGBTC","a":2462917,"T":1592956671076,"e":"aggTrade","p":"0.00001737","f":3251223},{"m":true,"E":1592956671099,"l":3251227,"M":true,"q":"452.00000000","s":"ONGBTC","a":2462918,"T":1592956671076,"e":"aggTrade","p":"0.00001736","f":3251224},{"m":true,"E":1592956671099,"l":3251228,"M":true,"q":"278.00000000","s":"ONGBTC","a":2462919,"T":1592956671076,"e":"aggTrade","p":"0.00001736","f":3251228},{"m":true,"E":1592956671105,"l":3251229,"M":true,"q":"2893.00000000","s":"ONGBTC","a":2462920,"T":1592956671077,"e":"aggTrade","p":"0.00001736","f":3251229},{"m":false,"E":1592956672124,"l":3251230,"M":true,"q":"743.00000000","s":"ONGBTC","a":2462921,"T":1592956672123,"e":"aggTrade","p":"0.00001739","f":3251230},{"m":false,"E":1592956672146,"l":3251231,"M":true,"q":"439.00000000","s":"ONGBTC","a":2462922,"T":1592956672144,"e":"aggTrade","p":"0.00001739","f":3251231},{"m":false,"E":1592956672361,"l":3251234,"M":true,"q":"115.00000000","s":"ONGBTC","a":2462923,"T":1592956672359,"e":"aggTrade","p":"0.00001748","f":3251232},{"m":false,"E":1592956674437,"l":3251235,"M":true,"q":"11.00000000","s":"ONGBTC","a":2462924,"T":1592956674436,"e":"aggTrade","p":"0.00001742","f":3251235},{"m":false,"E":1592956674565,"l":3251236,"M":true,"q":"66.00000000","s":"ONGBTC","a":2462925,"T":1592956674564,"e":"aggTrade","p":"0.00001743","f":3251236},{"m":false,"E":1592956691798,"l":3251237,"M":true,"q":"11.00000000","s":"ONGBTC","a":2462926,"T":1592956691796,"e":"aggTrade","p":"0.00001743","f":3251237},{"m":false,"E":1592956694105,"l":3251239,"M":true,"q":"29.00000000","s":"ONGBTC","a":2462927,"T":1592956694104,"e":"aggTrade","p":"0.00001744","f":3251238},{"m":false,"E":1592956696568,"l":3251240,"M":true,"q":"11.00000000","s":"ONGBTC","a":2462928,"T":1592956696566,"e":"aggTrade","p":"0.00001745","f":3251240}],[{"m":false,"E":1592960984150,"l":3252457,"M":true,"q":"802.00000000","s":"ONGBTC","a":2463562,"T":1592960984148,"e":"aggTrade","p":"0.00001864","f":3252457},{"m":false,"E":1592960984189,"l":3252458,"M":true,"q":"322.00000000","s":"ONGBTC","a":2463563,"T":1592960984188,"e":"aggTrade","p":"0.00001864","f":3252458},{"m":false,"E":1592960986156,"l":3252459,"M":true,"q":"695.00000000","s":"ONGBTC","a":2463564,"T":1592960986155,"e":"aggTrade","p":"0.00001864","f":3252459},{"m":false,"E":1592960988150,"l":3252460,"M":true,"q":"590.00000000","s":"ONGBTC","a":2463565,"T":1592960988149,"e":"aggTrade","p":"0.00001864","f":3252460},{"m":false,"E":1592960992321,"l":3252461,"M":true,"q":"104.00000000","s":"ONGBTC","a":2463566,"T":1592960992320,"e":"aggTrade","p":"0.00001864","f":3252461},{"m":false,"E":1592960993237,"l":3252462,"M":true,"q":"644.00000000","s":"ONGBTC","a":2463567,"T":1592960993235,"e":"aggTrade","p":"0.00001864","f":3252462},{"m":false,"E":1592960993317,"l":3252463,"M":true,"q":"33480.00000000","s":"ONGBTC","a":2463568,"T":1592960993316,"e":"aggTrade","p":"0.00001864","f":3252463},{"m":false,"E":1592960993981,"l":3252464,"M":true,"q":"25180.00000000","s":"ONGBTC","a":2463569,"T":1592960993979,"e":"aggTrade","p":"0.00001864","f":3252464},{"m":false,"E":1592960994123,"l":3252465,"M":true,"q":"798.00000000","s":"ONGBTC","a":2463570,"T":1592960994121,"e":"aggTrade","p":"0.00001864","f":3252465},{"m":false,"E":1592960994323,"l":3252466,"M":true,"q":"5596.00000000","s":"ONGBTC","a":2463571,"T":1592960994316,"e":"aggTrade","p":"0.00001864","f":3252466},{"m":false,"E":1592960994323,"l":3252468,"M":true,"q":"75.00000000","s":"ONGBTC","a":2463572,"T":1592960994316,"e":"aggTrade","p":"0.00001865","f":3252467},{"m":false,"E":1592960994323,"l":3252469,"M":true,"q":"6.00000000","s":"ONGBTC","a":2463573,"T":1592960994316,"e":"aggTrade","p":"0.00001866","f":3252469},{"m":false,"E":1592960994323,"l":3252471,"M":true,"q":"68.00000000","s":"ONGBTC","a":2463574,"T":1592960994316,"e":"aggTrade","p":"0.00001867","f":3252470},{"m":false,"E":1592960994323,"l":3252472,"M":true,"q":"6.00000000","s":"ONGBTC","a":2463575,"T":1592960994316,"e":"aggTrade","p":"0.00001868","f":3252472},{"m":false,"E":1592960994323,"l":3252476,"M":true,"q":"38.00000000","s":"ONGBTC","a":2463576,"T":1592960994316,"e":"aggTrade","p":"0.00001869","f":3252473},{"m":false,"E":1592960994323,"l":3252482,"M":true,"q":"15066.00000000","s":"ONGBTC","a":2463577,"T":1592960994316,"e":"aggTrade","p":"0.00001870","f":3252477},{"m":false,"E":1592960994323,"l":3252483,"M":true,"q":"100.00000000","s":"ONGBTC","a":2463578,"T":1592960994316,"e":"aggTrade","p":"0.00001872","f":3252483},{"m":false,"E":1592960994323,"l":3252485,"M":true,"q":"447.00000000","s":"ONGBTC","a":2463579,"T":1592960994316,"e":"aggTrade","p":"0.00001873","f":3252484},{"m":false,"E":1592960994323,"l":3252486,"M":true,"q":"11.00000000","s":"ONGBTC","a":2463580,"T":1592960994316,"e":"aggTrade","p":"0.00001875","f":3252486},{"m":false,"E":1592960994323,"l":3252490,"M":true,"q":"3612.00000000","s":"ONGBTC","a":2463581,"T":1592960994316,"e":"aggTrade","p":"0.00001876","f":3252487},{"m":true,"E":1592960995199,"l":3252491,"M":true,"q":"106.00000000","s":"ONGBTC","a":2463582,"T":1592960995197,"e":"aggTrade","p":"0.00001864","f":3252491},{"m":false,"E":1592960997341,"l":3252492,"M":true,"q":"6.00000000","s":"ONGBTC","a":2463583,"T":1592960997340,"e":"aggTrade","p":"0.00001875","f":3252492},{"m":false,"E":1592960997408,"l":3252493,"M":true,"q":"30.00000000","s":"ONGBTC","a":2463584,"T":1592960997407,"e":"aggTrade","p":"0.00001875","f":3252493},{"m":false,"E":1592960997598,"l":3252494,"M":true,"q":"6.00000000","s":"ONGBTC","a":2463585,"T":1592960997597,"e":"aggTrade","p":"0.00001875","f":3252494},{"m":true,"E":1592960997783,"l":3252496,"M":true,"q":"28.00000000","s":"ONGBTC","a":2463586,"T":1592960997782,"e":"aggTrade","p":"0.00001870","f":3252495},{"m":true,"E":1592960997783,"l":3252497,"M":true,"q":"41.00000000","s":"ONGBTC","a":2463587,"T":1592960997782,"e":"aggTrade","p":"0.00001867","f":3252497},{"m":true,"E":1592960997876,"l":3252498,"M":true,"q":"11.00000000","s":"ONGBTC","a":2463588,"T":1592960997875,"e":"aggTrade","p":"0.00001875","f":3252498},{"m":true,"E":1592960998331,"l":3252499,"M":true,"q":"11.00000000","s":"ONGBTC","a":2463589,"T":1592960998330,"e":"aggTrade","p":"0.00001875","f":3252499},{"m":true,"E":1592960998410,"l":3252500,"M":true,"q":"11.00000000","s":"ONGBTC","a":2463590,"T":1592960998409,"e":"aggTrade","p":"0.00001875","f":3252500},{"m":true,"E":1592960999490,"l":3252501,"M":true,"q":"21.00000000","s":"ONGBTC","a":2463591,"T":1592960999489,"e":"aggTrade","p":"0.00001867","f":3252501},{"m":true,"E":1592960999490,"l":3252502,"M":true,"q":"126.00000000","s":"ONGBTC","a":2463592,"T":1592960999489,"e":"aggTrade","p":"0.00001864","f":3252502},{"m":true,"E":1592960999706,"l":3252503,"M":true,"q":"10.00000000","s":"ONGBTC","a":2463593,"T":1592960999705,"e":"aggTrade","p":"0.00001865","f":3252503},{"m":true,"E":1592960999767,"l":3252504,"M":true,"q":"6.00000000","s":"ONGBTC","a":2463594,"T":1592960999766,"e":"aggTrade","p":"0.00001865","f":3252504},{"m":true,"E":1592961001285,"l":3252506,"M":true,"q":"200.00000000","s":"ONGBTC","a":2463595,"T":1592961001284,"e":"aggTrade","p":"0.00001865","f":3252505},{"m":true,"E":1592961001294,"l":3252509,"M":true,"q":"125.00000000","s":"ONGBTC","a":2463596,"T":1592961001292,"e":"aggTrade","p":"0.00001864","f":3252507},{"m":true,"E":1592961001295,"l":3252510,"M":true,"q":"11.00000000","s":"ONGBTC","a":2463597,"T":1592961001292,"e":"aggTrade","p":"0.00001862","f":3252510},{"m":true,"E":1592961001295,"l":3252512,"M":true,"q":"64.00000000","s":"ONGBTC","a":2463598,"T":1592961001292,"e":"aggTrade","p":"0.00001861","f":3252511},{"m":false,"E":1592961002768,"l":3252513,"M":true,"q":"62.00000000","s":"ONGBTC","a":2463599,"T":1592961002765,"e":"aggTrade","p":"0.00001873","f":3252513},{"m":false,"E":1592961002768,"l":3252516,"M":true,"q":"112.00000000","s":"ONGBTC","a":2463600,"T":1592961002765,"e":"aggTrade","p":"0.00001875","f":3252514},{"m":false,"E":1592961002768,"l":3252518,"M":true,"q":"28.00000000","s":"ONGBTC","a":2463601,"T":1592961002765,"e":"aggTrade","p":"0.00001876","f":3252517},{"m":false,"E":1592961002768,"l":3252519,"M":true,"q":"62.00000000","s":"ONGBTC","a":2463602,"T":1592961002765,"e":"aggTrade","p":"0.00001879","f":3252519},{"m":false,"E":1592961002768,"l":3252520,"M":true,"q":"25.00000000","s":"ONGBTC","a":2463603,"T":1592961002765,"e":"aggTrade","p":"0.00001880","f":3252520},{"m":true,"E":1592961002775,"l":3252521,"M":true,"q":"6409.00000000","s":"ONGBTC","a":2463604,"T":1592961002774,"e":"aggTrade","p":"0.00001880","f":3252521},{"m":true,"E":1592961002776,"l":3252522,"M":true,"q":"489.00000000","s":"ONGBTC","a":2463605,"T":1592961002774,"e":"aggTrade","p":"0.00001880","f":3252522},{"m":true,"E":1592961002807,"l":3252523,"M":true,"q":"97.00000000","s":"ONGBTC","a":2463606,"T":1592961002805,"e":"aggTrade","p":"0.00001862","f":3252523},{"m":true,"E":1592961002807,"l":3252524,"M":true,"q":"197.00000000","s":"ONGBTC","a":2463607,"T":1592961002805,"e":"aggTrade","p":"0.00001861","f":3252524},{"m":true,"E":1592961003667,"l":3252525,"M":true,"q":"309.00000000","s":"ONGBTC","a":2463608,"T":1592961003666,"e":"aggTrade","p":"0.00001864","f":3252525},{"m":true,"E":1592961003667,"l":3252526,"M":true,"q":"240.00000000","s":"ONGBTC","a":2463609,"T":1592961003666,"e":"aggTrade","p":"0.00001863","f":3252526},{"m":false,"E":1592961004768,"l":3252527,"M":true,"q":"11.00000000","s":"ONGBTC","a":2463610,"T":1592961004767,"e":"aggTrade","p":"0.00001867","f":3252527},{"m":false,"E":1592961004935,"l":3252528,"M":true,"q":"51.00000000","s":"ONGBTC","a":2463611,"T":1592961004934,"e":"aggTrade","p":"0.00001867","f":3252528},{"m":false,"E":1592961005056,"l":3252529,"M":true,"q":"17.00000000","s":"ONGBTC","a":2463612,"T":1592961005055,"e":"aggTrade","p":"0.00001870","f":3252529},{"m":false,"E":1592961005064,"l":3252530,"M":true,"q":"11.00000000","s":"ONGBTC","a":2463613,"T":1592961005062,"e":"aggTrade","p":"0.00001870","f":3252530},{"m":false,"E":1592961005064,"l":3252531,"M":true,"q":"51.00000000","s":"ONGBTC","a":2463614,"T":1592961005062,"e":"aggTrade","p":"0.00001871","f":3252531},{"m":true,"E":1592961010449,"l":3252533,"M":true,"q":"54.00000000","s":"ONGBTC","a":2463615,"T":1592961010447,"e":"aggTrade","p":"0.00001867","f":3252532},{"m":false,"E":1592961010505,"l":3252534,"M":true,"q":"258.00000000","s":"ONGBTC","a":2463616,"T":1592961010504,"e":"aggTrade","p":"0.00001871","f":3252534},{"m":false,"E":1592961011124,"l":3252535,"M":true,"q":"80.00000000","s":"ONGBTC","a":2463617,"T":1592961011123,"e":"aggTrade","p":"0.00001872","f":3252535},{"m":true,"E":1592961011631,"l":3252536,"M":true,"q":"268.00000000","s":"ONGBTC","a":2463618,"T":1592961011630,"e":"aggTrade","p":"0.00001867","f":3252536},{"m":false,"E":1592961016041,"l":3252537,"M":true,"q":"6.00000000","s":"ONGBTC","a":2463619,"T":1592961016040,"e":"aggTrade","p":"0.00001872","f":3252537},{"m":false,"E":1592961022567,"l":3252539,"M":true,"q":"20.00000000","s":"ONGBTC","a":2463620,"T":1592961022566,"e":"aggTrade","p":"0.00001872","f":3252538},{"m":true,"E":1592961022597,"l":3252540,"M":true,"q":"125.00000000","s":"ONGBTC","a":2463621,"T":1592961022595,"e":"aggTrade","p":"0.00001872","f":3252540},{"m":false,"E":1592961024613,"l":3252541,"M":true,"q":"62.00000000","s":"ONGBTC","a":2463622,"T":1592961024611,"e":"aggTrade","p":"0.00001873","f":3252541},{"m":false,"E":1592961024613,"l":3252542,"M":true,"q":"11.00000000","s":"ONGBTC","a":2463623,"T":1592961024611,"e":"aggTrade","p":"0.00001875","f":3252542},{"m":false,"E":1592961024613,"l":3252544,"M":true,"q":"28.00000000","s":"ONGBTC","a":2463624,"T":1592961024611,"e":"aggTrade","p":"0.00001876","f":3252543},{"m":false,"E":1592961024613,"l":3252545,"M":true,"q":"62.00000000","s":"ONGBTC","a":2463625,"T":1592961024611,"e":"aggTrade","p":"0.00001879","f":3252545},{"m":false,"E":1592961024613,"l":3252546,"M":true,"q":"499.00000000","s":"ONGBTC","a":2463626,"T":1592961024611,"e":"aggTrade","p":"0.00001880","f":3252546},{"m":false,"E":1592961025671,"l":3252547,"M":true,"q":"53.00000000","s":"ONGBTC","a":2463627,"T":1592961025669,"e":"aggTrade","p":"0.00001880","f":3252547},{"m":false,"E":1592961033973,"l":3252548,"M":true,"q":"220.00000000","s":"ONGBTC","a":2463628,"T":1592961033971,"e":"aggTrade","p":"0.00001880","f":3252548},{"m":false,"E":1592961036009,"l":3252549,"M":true,"q":"144.00000000","s":"ONGBTC","a":2463629,"T":1592961036000,"e":"aggTrade","p":"0.00001880","f":3252549},{"m":false,"E":1592961036009,"l":3252557,"M":true,"q":"150.00000000","s":"ONGBTC","a":2463630,"T":1592961036000,"e":"aggTrade","p":"0.00001881","f":3252550},{"m":false,"E":1592961036009,"l":3252559,"M":true,"q":"29.00000000","s":"ONGBTC","a":2463631,"T":1592961036000,"e":"aggTrade","p":"0.00001882","f":3252558},{"m":false,"E":1592961036009,"l":3252562,"M":true,"q":"73.00000000","s":"ONGBTC","a":2463632,"T":1592961036000,"e":"aggTrade","p":"0.00001885","f":3252560},{"m":false,"E":1592961036009,"l":3252564,"M":true,"q":"719.00000000","s":"ONGBTC","a":2463633,"T":1592961036000,"e":"aggTrade","p":"0.00001886","f":3252563},{"m":false,"E":1592961036009,"l":3252565,"M":true,"q":"267.00000000","s":"ONGBTC","a":2463634,"T":1592961036000,"e":"aggTrade","p":"0.00001887","f":3252565},{"m":false,"E":1592961036009,"l":3252570,"M":true,"q":"561.00000000","s":"ONGBTC","a":2463635,"T":1592961036000,"e":"aggTrade","p":"0.00001888","f":3252566},{"m":false,"E":1592961036009,"l":3252571,"M":true,"q":"153.00000000","s":"ONGBTC","a":2463636,"T":1592961036000,"e":"aggTrade","p":"0.00001889","f":3252571},{"m":false,"E":1592961036009,"l":3252575,"M":true,"q":"6954.00000000","s":"ONGBTC","a":2463637,"T":1592961036000,"e":"aggTrade","p":"0.00001890","f":3252572},{"m":true,"E":1592961037557,"l":3252576,"M":true,"q":"402.00000000","s":"ONGBTC","a":2463638,"T":1592961037556,"e":"aggTrade","p":"0.00001874","f":3252576},{"m":false,"E":1592961039217,"l":3252577,"M":true,"q":"6.00000000","s":"ONGBTC","a":2463639,"T":1592961039216,"e":"aggTrade","p":"0.00001891","f":3252577},{"m":false,"E":1592961039826,"l":3252578,"M":true,"q":"6.00000000","s":"ONGBTC","a":2463640,"T":1592961039825,"e":"aggTrade","p":"0.00001891","f":3252578},{"m":false,"E":1592961040013,"l":3252580,"M":true,"q":"53.00000000","s":"ONGBTC","a":2463641,"T":1592961040012,"e":"aggTrade","p":"0.00001891","f":3252579},{"m":false,"E":1592961040570,"l":3252581,"M":true,"q":"30.00000000","s":"ONGBTC","a":2463642,"T":1592961040569,"e":"aggTrade","p":"0.00001891","f":3252581},{"m":true,"E":1592961042145,"l":3252582,"M":true,"q":"61.00000000","s":"ONGBTC","a":2463643,"T":1592961042144,"e":"aggTrade","p":"0.00001885","f":3252582},{"m":true,"E":1592961042757,"l":3252584,"M":true,"q":"28.00000000","s":"ONGBTC","a":2463644,"T":1592961042754,"e":"aggTrade","p":"0.00001882","f":3252583},{"m":true,"E":1592961042757,"l":3252585,"M":true,"q":"52.00000000","s":"ONGBTC","a":2463645,"T":1592961042754,"e":"aggTrade","p":"0.00001879","f":3252585},{"m":true,"E":1592961043529,"l":3252586,"M":true,"q":"9.00000000","s":"ONGBTC","a":2463646,"T":1592961043527,"e":"aggTrade","p":"0.00001879","f":3252586},{"m":true,"E":1592961043529,"l":3252588,"M":true,"q":"28.00000000","s":"ONGBTC","a":2463647,"T":1592961043527,"e":"aggTrade","p":"0.00001876","f":3252587},{"m":true,"E":1592961043529,"l":3252589,"M":true,"q":"11.00000000","s":"ONGBTC","a":2463648,"T":1592961043527,"e":"aggTrade","p":"0.00001875","f":3252589},{"m":true,"E":1592961043529,"l":3252590,"M":true,"q":"1059.00000000","s":"ONGBTC","a":2463649,"T":1592961043527,"e":"aggTrade","p":"0.00001874","f":3252590},{"m":true,"E":1592961044579,"l":3252591,"M":true,"q":"48.00000000","s":"ONGBTC","a":2463650,"T":1592961044578,"e":"aggTrade","p":"0.00001874","f":3252591},{"m":true,"E":1592961044579,"l":3252592,"M":true,"q":"6.00000000","s":"ONGBTC","a":2463651,"T":1592961044578,"e":"aggTrade","p":"0.00001873","f":3252592},{"m":false,"E":1592961049847,"l":3252593,"M":true,"q":"11.00000000","s":"ONGBTC","a":2463652,"T":1592961049846,"e":"aggTrade","p":"0.00001882","f":3252593},{"m":false,"E":1592961049920,"l":3252594,"M":true,"q":"6.00000000","s":"ONGBTC","a":2463653,"T":1592961049919,"e":"aggTrade","p":"0.00001882","f":3252594},{"m":false,"E":1592961049960,"l":3252595,"M":true,"q":"11.00000000","s":"ONGBTC","a":2463654,"T":1592961049959,"e":"aggTrade","p":"0.00001882","f":3252595},{"m":true,"E":1592961055969,"l":3252596,"M":true,"q":"11.00000000","s":"ONGBTC","a":2463655,"T":1592961055967,"e":"aggTrade","p":"0.00001882","f":3252596},{"m":false,"E":1592961062852,"l":3252597,"M":true,"q":"315.00000000","s":"ONGBTC","a":2463656,"T":1592961062851,"e":"aggTrade","p":"0.00001882","f":3252597},{"m":false,"E":1592961063163,"l":3252598,"M":true,"q":"67.00000000","s":"ONGBTC","a":2463657,"T":1592961063162,"e":"aggTrade","p":"0.00001882","f":3252598},{"m":false,"E":1592961067171,"l":3252599,"M":true,"q":"9.00000000","s":"ONGBTC","a":2463658,"T":1592961067170,"e":"aggTrade","p":"0.00001880","f":3252599},{"m":true,"E":1592961069801,"l":3252601,"M":true,"q":"17.00000000","s":"ONGBTC","a":2463659,"T":1592961069800,"e":"aggTrade","p":"0.00001876","f":3252600},{"m":false,"E":1592961077031,"l":3252602,"M":true,"q":"2.00000000","s":"ONGBTC","a":2463660,"T":1592961077029,"e":"aggTrade","p":"0.00001880","f":3252602},{"m":false,"E":1592961077264,"l":3252603,"M":true,"q":"62.00000000","s":"ONGBTC","a":2463661,"T":1592961077263,"e":"aggTrade","p":"0.00001880","f":3252603},{"m":false,"E":1592961080129,"l":3252604,"M":true,"q":"6.00000000","s":"ONGBTC","a":2463662,"T":1592961080128,"e":"aggTrade","p":"0.00001880","f":3252604},{"m":false,"E":1592961083328,"l":3252605,"M":true,"q":"62.00000000","s":"ONGBTC","a":2463663,"T":1592961083326,"e":"aggTrade","p":"0.00001880","f":3252605},{"m":false,"E":1592961083328,"l":3252606,"M":true,"q":"54.00000000","s":"ONGBTC","a":2463664,"T":1592961083327,"e":"aggTrade","p":"0.00001880","f":3252606},{"m":true,"E":1592961094172,"l":3252608,"M":true,"q":"26.00000000","s":"ONGBTC","a":2463665,"T":1592961094170,"e":"aggTrade","p":"0.00001876","f":3252607},{"m":true,"E":1592961094252,"l":3252611,"M":true,"q":"99.00000000","s":"ONGBTC","a":2463666,"T":1592961094250,"e":"aggTrade","p":"0.00001873","f":3252609},{"m":true,"E":1592961094252,"l":3252612,"M":true,"q":"594.00000000","s":"ONGBTC","a":2463667,"T":1592961094250,"e":"aggTrade","p":"0.00001872","f":3252612},{"m":true,"E":1592961094253,"l":3252614,"M":true,"q":"28.00000000","s":"ONGBTC","a":2463668,"T":1592961094250,"e":"aggTrade","p":"0.00001870","f":3252613},{"m":true,"E":1592961094253,"l":3252615,"M":true,"q":"135.00000000","s":"ONGBTC","a":2463669,"T":1592961094250,"e":"aggTrade","p":"0.00001869","f":3252615},{"m":true,"E":1592961094318,"l":3252616,"M":true,"q":"92.00000000","s":"ONGBTC","a":2463670,"T":1592961094317,"e":"aggTrade","p":"0.00001869","f":3252616},{"m":true,"E":1592961094323,"l":3252618,"M":true,"q":"5828.00000000","s":"ONGBTC","a":2463671,"T":1592961094321,"e":"aggTrade","p":"0.00001869","f":3252617},{"m":true,"E":1592961094337,"l":3252619,"M":true,"q":"3811.00000000","s":"ONGBTC","a":2463672,"T":1592961094336,"e":"aggTrade","p":"0.00001868","f":3252619},{"m":true,"E":1592961094337,"l":3252620,"M":true,"q":"189.00000000","s":"ONGBTC","a":2463673,"T":1592961094336,"e":"aggTrade","p":"0.00001868","f":3252620},{"m":false,"E":1592961094338,"l":3252621,"M":true,"q":"2.00000000","s":"ONGBTC","a":2463674,"T":1592961094336,"e":"aggTrade","p":"0.00001880","f":3252621},{"m":true,"E":1592961094374,"l":3252622,"M":true,"q":"62.00000000","s":"ONGBTC","a":2463675,"T":1592961094372,"e":"aggTrade","p":"0.00001867","f":3252622},{"m":true,"E":1592961094374,"l":3252623,"M":true,"q":"100.00000000","s":"ONGBTC","a":2463676,"T":1592961094372,"e":"aggTrade","p":"0.00001866","f":3252623},{"m":true,"E":1592961095285,"l":3252625,"M":true,"q":"34.00000000","s":"ONGBTC","a":2463677,"T":1592961095281,"e":"aggTrade","p":"0.00001865","f":3252624},{"m":true,"E":1592961095285,"l":3252630,"M":true,"q":"61.00000000","s":"ONGBTC","a":2463678,"T":1592961095281,"e":"aggTrade","p":"0.00001864","f":3252626},{"m":true,"E":1592961095285,"l":3252631,"M":true,"q":"4.00000000","s":"ONGBTC","a":2463679,"T":1592961095281,"e":"aggTrade","p":"0.00001863","f":3252631},{"m":true,"E":1592961095413,"l":3252632,"M":true,"q":"120.00000000","s":"ONGBTC","a":2463680,"T":1592961095412,"e":"aggTrade","p":"0.00001863","f":3252632},{"m":true,"E":1592961095769,"l":3252633,"M":true,"q":"97.00000000","s":"ONGBTC","a":2463681,"T":1592961095767,"e":"aggTrade","p":"0.00001863","f":3252633},{"m":true,"E":1592961095769,"l":3252635,"M":true,"q":"243.00000000","s":"ONGBTC","a":2463682,"T":1592961095767,"e":"aggTrade","p":"0.00001862","f":3252634},{"m":false,"E":1592961096194,"l":3252636,"M":true,"q":"146.00000000","s":"ONGBTC","a":2463683,"T":1592961096192,"e":"aggTrade","p":"0.00001875","f":3252636},{"m":true,"E":1592961098660,"l":3252637,"M":true,"q":"62.00000000","s":"ONGBTC","a":2463684,"T":1592961098658,"e":"aggTrade","p":"0.00001861","f":3252637}],[{"m":true,"E":1592963736625,"l":3253212,"M":true,"q":"143.00000000","s":"ONGBTC","a":2464033,"T":1592963736623,"e":"aggTrade","p":"0.00001829","f":3253212},{"m":true,"E":1592963737147,"l":3253213,"M":true,"q":"137.00000000","s":"ONGBTC","a":2464034,"T":1592963737146,"e":"aggTrade","p":"0.00001829","f":3253213},{"m":true,"E":1592963760297,"l":3253220,"M":true,"q":"4450.00000000","s":"ONGBTC","a":2464035,"T":1592963760294,"e":"aggTrade","p":"0.00001828","f":3253214},{"m":false,"E":1592963760305,"l":3253221,"M":true,"q":"42.00000000","s":"ONGBTC","a":2464036,"T":1592963760303,"e":"aggTrade","p":"0.00001828","f":3253221},{"m":false,"E":1592963760305,"l":3253222,"M":true,"q":"826.00000000","s":"ONGBTC","a":2464037,"T":1592963760303,"e":"aggTrade","p":"0.00001828","f":3253222},{"m":false,"E":1592963760310,"l":3253223,"M":true,"q":"2.00000000","s":"ONGBTC","a":2464038,"T":1592963760309,"e":"aggTrade","p":"0.00001835","f":3253223},{"m":true,"E":1592963777070,"l":3253224,"M":true,"q":"1772.00000000","s":"ONGBTC","a":2464039,"T":1592963777068,"e":"aggTrade","p":"0.00001828","f":3253224},{"m":true,"E":1592963778171,"l":3253225,"M":true,"q":"286.00000000","s":"ONGBTC","a":2464040,"T":1592963778170,"e":"aggTrade","p":"0.00001828","f":3253225},{"m":true,"E":1592963780132,"l":3253226,"M":true,"q":"110.00000000","s":"ONGBTC","a":2464041,"T":1592963780131,"e":"aggTrade","p":"0.00001828","f":3253226},{"m":false,"E":1592963837153,"l":3253230,"M":true,"q":"83.00000000","s":"ONGBTC","a":2464042,"T":1592963837151,"e":"aggTrade","p":"0.00001834","f":3253227},{"m":false,"E":1592963837153,"l":3253232,"M":true,"q":"189.00000000","s":"ONGBTC","a":2464043,"T":1592963837151,"e":"aggTrade","p":"0.00001835","f":3253231},{"m":false,"E":1592963842678,"l":3253233,"M":true,"q":"65.00000000","s":"ONGBTC","a":2464044,"T":1592963842677,"e":"aggTrade","p":"0.00001835","f":3253233}],[{"m":false,"E":1592967529127,"l":3254279,"M":true,"q":"6.00000000","s":"ONGBTC","a":2464617,"T":1592967529126,"e":"aggTrade","p":"0.00001902","f":3254279},{"m":true,"E":1592967529134,"l":3254280,"M":true,"q":"47.00000000","s":"ONGBTC","a":2464618,"T":1592967529133,"e":"aggTrade","p":"0.00001902","f":3254280},{"m":false,"E":1592967539971,"l":3254281,"M":true,"q":"2.00000000","s":"ONGBTC","a":2464619,"T":1592967539970,"e":"aggTrade","p":"0.00001903","f":3254281},{"m":false,"E":1592967561165,"l":3254282,"M":true,"q":"6.00000000","s":"ONGBTC","a":2464620,"T":1592967561163,"e":"aggTrade","p":"0.00001903","f":3254282},{"m":false,"E":1592967563124,"l":3254283,"M":true,"q":"2.00000000","s":"ONGBTC","a":2464621,"T":1592967563123,"e":"aggTrade","p":"0.00001903","f":3254283},{"m":false,"E":1592967563154,"l":3254284,"M":true,"q":"2.00000000","s":"ONGBTC","a":2464622,"T":1592967563153,"e":"aggTrade","p":"0.00001903","f":3254284},{"m":false,"E":1592967570286,"l":3254286,"M":true,"q":"1087.00000000","s":"ONGBTC","a":2464623,"T":1592967570278,"e":"aggTrade","p":"0.00001903","f":3254285},{"m":false,"E":1592967570286,"l":3254288,"M":true,"q":"28.00000000","s":"ONGBTC","a":2464624,"T":1592967570278,"e":"aggTrade","p":"0.00001906","f":3254287},{"m":false,"E":1592967570286,"l":3254291,"M":true,"q":"73.00000000","s":"ONGBTC","a":2464625,"T":1592967570278,"e":"aggTrade","p":"0.00001909","f":3254289},{"m":false,"E":1592967570286,"l":3254292,"M":true,"q":"22.00000000","s":"ONGBTC","a":2464626,"T":1592967570278,"e":"aggTrade","p":"0.00001910","f":3254292},{"m":false,"E":1592967570286,"l":3254293,"M":true,"q":"21.00000000","s":"ONGBTC","a":2464627,"T":1592967570278,"e":"aggTrade","p":"0.00001911","f":3254293},{"m":false,"E":1592967570286,"l":3254297,"M":true,"q":"833.00000000","s":"ONGBTC","a":2464628,"T":1592967570278,"e":"aggTrade","p":"0.00001912","f":3254294},{"m":false,"E":1592967570286,"l":3254299,"M":true,"q":"992.00000000","s":"ONGBTC","a":2464629,"T":1592967570278,"e":"aggTrade","p":"0.00001913","f":3254298},{"m":false,"E":1592967570286,"l":3254301,"M":true,"q":"306.00000000","s":"ONGBTC","a":2464630,"T":1592967570278,"e":"aggTrade","p":"0.00001914","f":3254300},{"m":false,"E":1592967570286,"l":3254308,"M":true,"q":"1571.00000000","s":"ONGBTC","a":2464631,"T":1592967570278,"e":"aggTrade","p":"0.00001915","f":3254302},{"m":false,"E":1592967572491,"l":3254309,"M":true,"q":"1218.00000000","s":"ONGBTC","a":2464632,"T":1592967572490,"e":"aggTrade","p":"0.00001914","f":3254309},{"m":true,"E":1592967572541,"l":3254310,"M":true,"q":"60.00000000","s":"ONGBTC","a":2464633,"T":1592967572540,"e":"aggTrade","p":"0.00001909","f":3254310},{"m":true,"E":1592967574157,"l":3254312,"M":true,"q":"28.00000000","s":"ONGBTC","a":2464634,"T":1592967574155,"e":"aggTrade","p":"0.00001906","f":3254311},{"m":false,"E":1592967574827,"l":3254313,"M":true,"q":"6.00000000","s":"ONGBTC","a":2464635,"T":1592967574826,"e":"aggTrade","p":"0.00001904","f":3254313},{"m":false,"E":1592967574885,"l":3254314,"M":true,"q":"11.00000000","s":"ONGBTC","a":2464636,"T":1592967574884,"e":"aggTrade","p":"0.00001904","f":3254314},{"m":false,"E":1592967574912,"l":3254315,"M":true,"q":"11.00000000","s":"ONGBTC","a":2464637,"T":1592967574910,"e":"aggTrade","p":"0.00001904","f":3254315},{"m":false,"E":1592967574967,"l":3254316,"M":true,"q":"6.00000000","s":"ONGBTC","a":2464638,"T":1592967574966,"e":"aggTrade","p":"0.00001904","f":3254316},{"m":false,"E":1592967575351,"l":3254317,"M":true,"q":"11.00000000","s":"ONGBTC","a":2464639,"T":1592967575350,"e":"aggTrade","p":"0.00001904","f":3254317},{"m":false,"E":1592967575481,"l":3254318,"M":true,"q":"6.00000000","s":"ONGBTC","a":2464640,"T":1592967575478,"e":"aggTrade","p":"0.00001904","f":3254318},{"m":false,"E":1592967575481,"l":3254319,"M":true,"q":"59.00000000","s":"ONGBTC","a":2464641,"T":1592967575478,"e":"aggTrade","p":"0.00001908","f":3254319},{"m":false,"E":1592967575481,"l":3254320,"M":true,"q":"6.00000000","s":"ONGBTC","a":2464642,"T":1592967575478,"e":"aggTrade","p":"0.00001909","f":3254320},{"m":false,"E":1592967575481,"l":3254322,"M":true,"q":"21.00000000","s":"ONGBTC","a":2464643,"T":1592967575478,"e":"aggTrade","p":"0.00001910","f":3254321},{"m":false,"E":1592967575481,"l":3254324,"M":true,"q":"207.00000000","s":"ONGBTC","a":2464644,"T":1592967575478,"e":"aggTrade","p":"0.00001914","f":3254323},{"m":true,"E":1592967578154,"l":3254325,"M":true,"q":"61.00000000","s":"ONGBTC","a":2464645,"T":1592967578153,"e":"aggTrade","p":"0.00001903","f":3254325},{"m":false,"E":1592967578164,"l":3254326,"M":true,"q":"18.00000000","s":"ONGBTC","a":2464646,"T":1592967578163,"e":"aggTrade","p":"0.00001902","f":3254326},{"m":false,"E":1592967578412,"l":3254328,"M":true,"q":"11.00000000","s":"ONGBTC","a":2464647,"T":1592967578410,"e":"aggTrade","p":"0.00001910","f":3254327},{"m":false,"E":1592967579087,"l":3254329,"M":true,"q":"6.00000000","s":"ONGBTC","a":2464648,"T":1592967579085,"e":"aggTrade","p":"0.00001910","f":3254329},{"m":true,"E":1592967580136,"l":3254330,"M":true,"q":"5.00000000","s":"ONGBTC","a":2464649,"T":1592967580135,"e":"aggTrade","p":"0.00001910","f":3254330},{"m":true,"E":1592967580548,"l":3254332,"M":true,"q":"343.00000000","s":"ONGBTC","a":2464650,"T":1592967580547,"e":"aggTrade","p":"0.00001901","f":3254331},{"m":false,"E":1592967580703,"l":3254333,"M":true,"q":"6.00000000","s":"ONGBTC","a":2464651,"T":1592967580702,"e":"aggTrade","p":"0.00001909","f":3254333},{"m":true,"E":1592967585751,"l":3254334,"M":true,"q":"775.00000000","s":"ONGBTC","a":2464652,"T":1592967585750,"e":"aggTrade","p":"0.00001904","f":3254334},{"m":false,"E":1592967614381,"l":3254336,"M":true,"q":"2610.00000000","s":"ONGBTC","a":2464653,"T":1592967614380,"e":"aggTrade","p":"0.00001908","f":3254335},{"m":true,"E":1592967624180,"l":3254338,"M":true,"q":"28.00000000","s":"ONGBTC","a":2464654,"T":1592967624178,"e":"aggTrade","p":"0.00001900","f":3254337},{"m":true,"E":1592967624180,"l":3254339,"M":true,"q":"32.00000000","s":"ONGBTC","a":2464655,"T":1592967624178,"e":"aggTrade","p":"0.00001897","f":3254339},{"m":true,"E":1592967624186,"l":3254340,"M":true,"q":"29.00000000","s":"ONGBTC","a":2464656,"T":1592967624184,"e":"aggTrade","p":"0.00001897","f":3254340},{"m":false,"E":1592967631908,"l":3254341,"M":true,"q":"61.00000000","s":"ONGBTC","a":2464657,"T":1592967631906,"e":"aggTrade","p":"0.00001903","f":3254341},{"m":false,"E":1592967631908,"l":3254344,"M":true,"q":"803.00000000","s":"ONGBTC","a":2464658,"T":1592967631906,"e":"aggTrade","p":"0.00001906","f":3254342},{"m":false,"E":1592967631908,"l":3254346,"M":true,"q":"1835.00000000","s":"ONGBTC","a":2464659,"T":1592967631906,"e":"aggTrade","p":"0.00001908","f":3254345},{"m":false,"E":1592967631908,"l":3254348,"M":true,"q":"6080.00000000","s":"ONGBTC","a":2464660,"T":1592967631906,"e":"aggTrade","p":"0.00001909","f":3254347},{"m":true,"E":1592967632039,"l":3254349,"M":true,"q":"21.00000000","s":"ONGBTC","a":2464661,"T":1592967632036,"e":"aggTrade","p":"0.00001896","f":3254349},{"m":true,"E":1592967632039,"l":3254350,"M":true,"q":"181.00000000","s":"ONGBTC","a":2464662,"T":1592967632036,"e":"aggTrade","p":"0.00001895","f":3254350},{"m":true,"E":1592967634038,"l":3254351,"M":true,"q":"61.00000000","s":"ONGBTC","a":2464663,"T":1592967634036,"e":"aggTrade","p":"0.00001903","f":3254351},{"m":false,"E":1592967639293,"l":3254352,"M":true,"q":"11.00000000","s":"ONGBTC","a":2464664,"T":1592967639291,"e":"aggTrade","p":"0.00001907","f":3254352}],[{"m":true,"E":1592985698132,"l":3256648,"M":true,"q":"33.00000000","s":"ONGBTC","a":2465876,"T":1592985698130,"e":"aggTrade","p":"0.00001806","f":3256648},{"m":true,"E":1592985698132,"l":3256650,"M":true,"q":"17.00000000","s":"ONGBTC","a":2465877,"T":1592985698130,"e":"aggTrade","p":"0.00001805","f":3256649},{"m":true,"E":1592985702758,"l":3256654,"M":true,"q":"50.00000000","s":"ONGBTC","a":2465878,"T":1592985702756,"e":"aggTrade","p":"0.00001804","f":3256651},{"m":true,"E":1592985702760,"l":3256656,"M":true,"q":"17.00000000","s":"ONGBTC","a":2465879,"T":1592985702757,"e":"aggTrade","p":"0.00001803","f":3256655},{"m":true,"E":1592985702765,"l":3256659,"M":true,"q":"533.00000000","s":"ONGBTC","a":2465880,"T":1592985702763,"e":"aggTrade","p":"0.00001802","f":3256657},{"m":true,"E":1592985705130,"l":3256660,"M":true,"q":"682.00000000","s":"ONGBTC","a":2465881,"T":1592985705128,"e":"aggTrade","p":"0.00001802","f":3256660},{"m":true,"E":1592985717336,"l":3256664,"M":true,"q":"2685.00000000","s":"ONGBTC","a":2465882,"T":1592985717334,"e":"aggTrade","p":"0.00001801","f":3256661},{"m":true,"E":1592985717339,"l":3256677,"M":true,"q":"4815.00000000","s":"ONGBTC","a":2465883,"T":1592985717335,"e":"aggTrade","p":"0.00001800","f":3256665},{"m":true,"E":1592985717343,"l":3256678,"M":true,"q":"201.00000000","s":"ONGBTC","a":2465884,"T":1592985717337,"e":"aggTrade","p":"0.00001800","f":3256678},{"m":true,"E":1592985717355,"l":3256684,"M":true,"q":"1499.00000000","s":"ONGBTC","a":2465885,"T":1592985717340,"e":"aggTrade","p":"0.00001799","f":3256679},{"m":true,"E":1592985717355,"l":3256687,"M":true,"q":"30.00000000","s":"ONGBTC","a":2465886,"T":1592985717340,"e":"aggTrade","p":"0.00001798","f":3256685},{"m":true,"E":1592985717362,"l":3256693,"M":true,"q":"116.00000000","s":"ONGBTC","a":2465887,"T":1592985717343,"e":"aggTrade","p":"0.00001797","f":3256688},{"m":false,"E":1592985717404,"l":3256694,"M":true,"q":"63.00000000","s":"ONGBTC","a":2465888,"T":1592985717402,"e":"aggTrade","p":"0.00001800","f":3256694},{"m":true,"E":1592985730467,"l":3256698,"M":true,"q":"61.00000000","s":"ONGBTC","a":2465889,"T":1592985730464,"e":"aggTrade","p":"0.00001796","f":3256695},{"m":true,"E":1592985730467,"l":3256700,"M":true,"q":"476.00000000","s":"ONGBTC","a":2465890,"T":1592985730464,"e":"aggTrade","p":"0.00001795","f":3256699},{"m":true,"E":1592985730591,"l":3256703,"M":true,"q":"61.00000000","s":"ONGBTC","a":2465891,"T":1592985730589,"e":"aggTrade","p":"0.00001795","f":3256701},{"m":true,"E":1592985730606,"l":3256706,"M":true,"q":"118.00000000","s":"ONGBTC","a":2465892,"T":1592985730604,"e":"aggTrade","p":"0.00001794","f":3256704},{"m":true,"E":1592985730619,"l":3256711,"M":true,"q":"168.00000000","s":"ONGBTC","a":2465893,"T":1592985730617,"e":"aggTrade","p":"0.00001793","f":3256707},{"m":true,"E":1592985734643,"l":3256714,"M":true,"q":"30.00000000","s":"ONGBTC","a":2465894,"T":1592985734641,"e":"aggTrade","p":"0.00001792","f":3256712},{"m":true,"E":1592985734643,"l":3256717,"M":true,"q":"55.00000000","s":"ONGBTC","a":2465895,"T":1592985734641,"e":"aggTrade","p":"0.00001791","f":3256715},{"m":true,"E":1592985734643,"l":3256719,"M":true,"q":"18.00000000","s":"ONGBTC","a":2465896,"T":1592985734641,"e":"aggTrade","p":"0.00001790","f":3256718},{"m":true,"E":1592985734643,"l":3256721,"M":true,"q":"15.00000000","s":"ONGBTC","a":2465897,"T":1592985734641,"e":"aggTrade","p":"0.00001789","f":3256720},{"m":true,"E":1592985737398,"l":3256725,"M":true,"q":"1142.00000000","s":"ONGBTC","a":2465898,"T":1592985737395,"e":"aggTrade","p":"0.00001789","f":3256722},{"m":true,"E":1592985737398,"l":3256727,"M":true,"q":"18.00000000","s":"ONGBTC","a":2465899,"T":1592985737395,"e":"aggTrade","p":"0.00001788","f":3256726},{"m":false,"E":1592985738133,"l":3256728,"M":true,"q":"725.00000000","s":"ONGBTC","a":2465900,"T":1592985738131,"e":"aggTrade","p":"0.00001788","f":3256728},{"m":false,"E":1592985741181,"l":3256729,"M":true,"q":"718.00000000","s":"ONGBTC","a":2465901,"T":1592985741179,"e":"aggTrade","p":"0.00001788","f":3256729},{"m":true,"E":1592985754257,"l":3256732,"M":true,"q":"42.00000000","s":"ONGBTC","a":2465902,"T":1592985754255,"e":"aggTrade","p":"0.00001787","f":3256730},{"m":true,"E":1592985754257,"l":3256734,"M":true,"q":"18.00000000","s":"ONGBTC","a":2465903,"T":1592985754255,"e":"aggTrade","p":"0.00001786","f":3256733},{"m":false,"E":1592985757165,"l":3256735,"M":true,"q":"1608.00000000","s":"ONGBTC","a":2465904,"T":1592985757163,"e":"aggTrade","p":"0.00001788","f":3256735},{"m":false,"E":1592985757402,"l":3256736,"M":true,"q":"11.00000000","s":"ONGBTC","a":2465905,"T":1592985757401,"e":"aggTrade","p":"0.00001792","f":3256736},{"m":false,"E":1592985757402,"l":3256738,"M":true,"q":"18.00000000","s":"ONGBTC","a":2465906,"T":1592985757401,"e":"aggTrade","p":"0.00001793","f":3256737},{"m":true,"E":1592985765509,"l":3256739,"M":true,"q":"593.00000000","s":"ONGBTC","a":2465907,"T":1592985765506,"e":"aggTrade","p":"0.00001788","f":3256739},{"m":true,"E":1592985765509,"l":3256740,"M":true,"q":"1767.00000000","s":"ONGBTC","a":2465908,"T":1592985765506,"e":"aggTrade","p":"0.00001787","f":3256740},{"m":true,"E":1592985785507,"l":3256743,"M":true,"q":"623.00000000","s":"ONGBTC","a":2465909,"T":1592985785505,"e":"aggTrade","p":"0.00001792","f":3256741},{"m":false,"E":1592985793240,"l":3256745,"M":true,"q":"18.00000000","s":"ONGBTC","a":2465910,"T":1592985793239,"e":"aggTrade","p":"0.00001794","f":3256744},{"m":false,"E":1592985793455,"l":3256747,"M":true,"q":"18.00000000","s":"ONGBTC","a":2465911,"T":1592985793454,"e":"aggTrade","p":"0.00001795","f":3256746},{"m":true,"E":1592985799793,"l":3256748,"M":true,"q":"780.00000000","s":"ONGBTC","a":2465912,"T":1592985799792,"e":"aggTrade","p":"0.00001794","f":3256748}],[{"m":false,"E":1593001457717,"l":3259392,"M":true,"q":"28.00000000","s":"ONGBTC","a":2467271,"T":1593001457715,"e":"aggTrade","p":"0.00001849","f":3259392},{"m":false,"E":1593001477483,"l":3259393,"M":true,"q":"163.00000000","s":"ONGBTC","a":2467272,"T":1593001477481,"e":"aggTrade","p":"0.00001849","f":3259393},{"m":false,"E":1593001489281,"l":3259394,"M":true,"q":"567.00000000","s":"ONGBTC","a":2467273,"T":1593001489280,"e":"aggTrade","p":"0.00001849","f":3259394},{"m":false,"E":1593001489318,"l":3259396,"M":true,"q":"17.00000000","s":"ONGBTC","a":2467274,"T":1593001489317,"e":"aggTrade","p":"0.00001855","f":3259395},{"m":false,"E":1593001489331,"l":3259398,"M":true,"q":"17.00000000","s":"ONGBTC","a":2467275,"T":1593001489329,"e":"aggTrade","p":"0.00001856","f":3259397},{"m":false,"E":1593001489334,"l":3259401,"M":true,"q":"518.00000000","s":"ONGBTC","a":2467276,"T":1593001489331,"e":"aggTrade","p":"0.00001857","f":3259399},{"m":false,"E":1593001489334,"l":3259404,"M":true,"q":"47.00000000","s":"ONGBTC","a":2467277,"T":1593001489331,"e":"aggTrade","p":"0.00001858","f":3259402},{"m":false,"E":1593001489399,"l":3259406,"M":true,"q":"17.00000000","s":"ONGBTC","a":2467278,"T":1593001489398,"e":"aggTrade","p":"0.00001859","f":3259405},{"m":false,"E":1593001489402,"l":3259412,"M":true,"q":"78.00000000","s":"ONGBTC","a":2467279,"T":1593001489399,"e":"aggTrade","p":"0.00001860","f":3259407},{"m":false,"E":1593001489408,"l":3259416,"M":true,"q":"354.00000000","s":"ONGBTC","a":2467280,"T":1593001489400,"e":"aggTrade","p":"0.00001861","f":3259413},{"m":false,"E":1593001489408,"l":3259419,"M":true,"q":"28.00000000","s":"ONGBTC","a":2467281,"T":1593001489400,"e":"aggTrade","p":"0.00001862","f":3259417},{"m":false,"E":1593001489408,"l":3259423,"M":true,"q":"83.00000000","s":"ONGBTC","a":2467282,"T":1593001489400,"e":"aggTrade","p":"0.00001863","f":3259420},{"m":false,"E":1593001489408,"l":3259426,"M":true,"q":"38.00000000","s":"ONGBTC","a":2467283,"T":1593001489400,"e":"aggTrade","p":"0.00001865","f":3259424},{"m":false,"E":1593001489408,"l":3259429,"M":true,"q":"23.00000000","s":"ONGBTC","a":2467284,"T":1593001489400,"e":"aggTrade","p":"0.00001866","f":3259427},{"m":false,"E":1593001489408,"l":3259432,"M":true,"q":"23.00000000","s":"ONGBTC","a":2467285,"T":1593001489400,"e":"aggTrade","p":"0.00001867","f":3259430},{"m":false,"E":1593001489408,"l":3259435,"M":true,"q":"735.00000000","s":"ONGBTC","a":2467286,"T":1593001489400,"e":"aggTrade","p":"0.00001868","f":3259433},{"m":false,"E":1593001489408,"l":3259440,"M":true,"q":"292.00000000","s":"ONGBTC","a":2467287,"T":1593001489400,"e":"aggTrade","p":"0.00001869","f":3259436},{"m":false,"E":1593001489408,"l":3259444,"M":true,"q":"629.00000000","s":"ONGBTC","a":2467288,"T":1593001489400,"e":"aggTrade","p":"0.00001870","f":3259441},{"m":false,"E":1593001489408,"l":3259446,"M":true,"q":"149.00000000","s":"ONGBTC","a":2467289,"T":1593001489400,"e":"aggTrade","p":"0.00001871","f":3259445},{"m":true,"E":1593001494123,"l":3259448,"M":true,"q":"17.00000000","s":"ONGBTC","a":2467290,"T":1593001494121,"e":"aggTrade","p":"0.00001863","f":3259447},{"m":true,"E":1593001494123,"l":3259450,"M":true,"q":"17.00000000","s":"ONGBTC","a":2467291,"T":1593001494121,"e":"aggTrade","p":"0.00001862","f":3259449},{"m":false,"E":1593001494174,"l":3259451,"M":true,"q":"10.00000000","s":"ONGBTC","a":2467292,"T":1593001494172,"e":"aggTrade","p":"0.00001862","f":3259451},{"m":true,"E":1593001498168,"l":3259453,"M":true,"q":"17.00000000","s":"ONGBTC","a":2467293,"T":1593001498166,"e":"aggTrade","p":"0.00001861","f":3259452},{"m":true,"E":1593001498168,"l":3259455,"M":true,"q":"17.00000000","s":"ONGBTC","a":2467294,"T":1593001498166,"e":"aggTrade","p":"0.00001860","f":3259454},{"m":true,"E":1593001498168,"l":3259457,"M":true,"q":"17.00000000","s":"ONGBTC","a":2467295,"T":1593001498166,"e":"aggTrade","p":"0.00001859","f":3259456},{"m":true,"E":1593001498168,"l":3259458,"M":true,"q":"7.00000000","s":"ONGBTC","a":2467296,"T":1593001498166,"e":"aggTrade","p":"0.00001858","f":3259458},{"m":true,"E":1593001498928,"l":3259459,"M":true,"q":"965.00000000","s":"ONGBTC","a":2467297,"T":1593001498927,"e":"aggTrade","p":"0.00001861","f":3259459},{"m":true,"E":1593001499038,"l":3259460,"M":true,"q":"492.00000000","s":"ONGBTC","a":2467298,"T":1593001499037,"e":"aggTrade","p":"0.00001861","f":3259460},{"m":true,"E":1593001499679,"l":3259462,"M":true,"q":"10.00000000","s":"ONGBTC","a":2467299,"T":1593001499678,"e":"aggTrade","p":"0.00001858","f":3259461}]]},{"peak":"7.30434783|840,-11.77536232|5310,8.51449275|4650,-11.33828996|930,5.01858736|990,-13.22645291|4560,5.21042084|960,-3.34645669|600,9.44881890|3000,-5.90476190|600,7.04761905|1560,-6.43939394|2679,3.78787879|432,-4.58015267|999,4.19847328|658,4.19847328|658","transactionList":[{},{},{},{},{},{},{},{},{},{},{},{},{},{},{},[]]},{"peak":"11.92214112|420,-5.99078341|510,6.68202765|150,-3.81165919|300,5.38116592|210,-11.11111111|1170,30.73286052|1380,-8.21917808|360,3.52250489|150,-6.86868687|450,4.44444444|540,-3.19361277|180,3.39321357|300,-8.14196242|600,10.43841336|240,-5.80000000|1470,13.20000000|1470,-6.59133710|780,6.21468927|240,-3.48623853|30,8.99082569|540,-3.84615385|150,10.48951049|600,-4.80928690|30,5.63847430|150,-3.24149109|60,5.34846029|180,-8.15307820|120,3.66056572|390,-8.91608392|570,10.83916084|1470,-5.31561462|1080,3.32225914|90,-12.88566243|1050,7.25952813|570,-4.60176991|330,4.07079646|870,-3.33919156|570,15.81722320|2970,-8.21018062|300,10.01642036|330,-3.71517028|330,5.88235294|690,-8.39936609|780,5.70522979|540,-12.10084034|1446,3.69747899|348,-4.04721754|306,5.39629005|135,-3.99334443|195,4.49251248|45,-6.98466780|702,3.91822828|130,-7.01754386|516,-7.01754386|516,11.05263158|1225,-4.28336079|43","transactionList":[{},{},{},{},{},{},{},{},{},{},{},{},{},{},{},{},{},{},{},{},{},{},{},{},{},{},{},{},{},{},{},{},{},{},{},{},{},{},{},{},{},{},{},{},{},{},{},{},{},{},{},{},{},{},[],[{"m":false,"E":1593002263166,"l":1746743,"M":true,"q":"52.00000000","s":"NKNBTC","a":968617,"T":1593002263165,"e":"aggTrade","p":"0.00000316","f":1746743},{"m":true,"E":1593002263708,"l":1746745,"M":true,"q":"3647.00000000","s":"NKNBTC","a":968618,"T":1593002263706,"e":"aggTrade","p":"0.00000315","f":1746744},{"m":true,"E":1593002264583,"l":1746746,"M":true,"q":"2280.00000000","s":"NKNBTC","a":968619,"T":1593002264582,"e":"aggTrade","p":"0.00000314","f":1746746},{"m":false,"E":1593002287317,"l":1746747,"M":true,"q":"95.00000000","s":"NKNBTC","a":968620,"T":1593002287316,"e":"aggTrade","p":"0.00000315","f":1746747},{"m":false,"E":1593002295250,"l":1746749,"M":true,"q":"501.00000000","s":"NKNBTC","a":968621,"T":1593002295248,"e":"aggTrade","p":"0.00000315","f":1746748},{"m":false,"E":1593002295252,"l":1746750,"M":true,"q":"800.00000000","s":"NKNBTC","a":968622,"T":1593002295251,"e":"aggTrade","p":"0.00000315","f":1746750},{"m":false,"E":1593002295261,"l":1746751,"M":true,"q":"810.00000000","s":"NKNBTC","a":968623,"T":1593002295260,"e":"aggTrade","p":"0.00000315","f":1746751},{"m":true,"E":1593002296282,"l":1746752,"M":true,"q":"322.00000000","s":"NKNBTC","a":968624,"T":1593002296281,"e":"aggTrade","p":"0.00000314","f":1746752},{"m":false,"E":1593002297142,"l":1746757,"M":true,"q":"11332.00000000","s":"NKNBTC","a":968625,"T":1593002297140,"e":"aggTrade","p":"0.00000315","f":1746753},{"m":false,"E":1593002301264,"l":1746758,"M":true,"q":"686.00000000","s":"NKNBTC","a":968626,"T":1593002301263,"e":"aggTrade","p":"0.00000316","f":1746758},{"m":true,"E":1593002306166,"l":1746761,"M":true,"q":"5580.00000000","s":"NKNBTC","a":968627,"T":1593002306164,"e":"aggTrade","p":"0.00000315","f":1746759},{"m":false,"E":1593002308733,"l":1746762,"M":true,"q":"600.00000000","s":"NKNBTC","a":968628,"T":1593002308732,"e":"aggTrade","p":"0.00000315","f":1746762},{"m":false,"E":1593002313031,"l":1746763,"M":true,"q":"2153.00000000","s":"NKNBTC","a":968629,"T":1593002313030,"e":"aggTrade","p":"0.00000315","f":1746763},{"m":false,"E":1593002313087,"l":1746764,"M":true,"q":"67.00000000","s":"NKNBTC","a":968630,"T":1593002313086,"e":"aggTrade","p":"0.00000315","f":1746764},{"m":false,"E":1593002313500,"l":1746766,"M":true,"q":"21600.00000000","s":"NKNBTC","a":968631,"T":1593002313499,"e":"aggTrade","p":"0.00000315","f":1746765},{"m":false,"E":1593002313710,"l":1746768,"M":true,"q":"619.00000000","s":"NKNBTC","a":968632,"T":1593002313709,"e":"aggTrade","p":"0.00000315","f":1746767},{"m":false,"E":1593002313710,"l":1746769,"M":true,"q":"12637.00000000","s":"NKNBTC","a":968633,"T":1593002313709,"e":"aggTrade","p":"0.00000316","f":1746769},{"m":false,"E":1593002313741,"l":1746776,"M":true,"q":"13089.00000000","s":"NKNBTC","a":968634,"T":1593002313739,"e":"aggTrade","p":"0.00000316","f":1746770},{"m":false,"E":1593002314008,"l":1746781,"M":true,"q":"8794.00000000","s":"NKNBTC","a":968635,"T":1593002314006,"e":"aggTrade","p":"0.00000316","f":1746777},{"m":false,"E":1593002314572,"l":1746782,"M":true,"q":"23800.00000000","s":"NKNBTC","a":968636,"T":1593002314571,"e":"aggTrade","p":"0.00000316","f":1746782},{"m":false,"E":1593002317081,"l":1746783,"M":true,"q":"6603.00000000","s":"NKNBTC","a":968637,"T":1593002317080,"e":"aggTrade","p":"0.00000316","f":1746783},{"m":false,"E":1593002317099,"l":1746790,"M":true,"q":"30247.00000000","s":"NKNBTC","a":968638,"T":1593002317096,"e":"aggTrade","p":"0.00000316","f":1746784},{"m":false,"E":1593002317163,"l":1746801,"M":true,"q":"16794.00000000","s":"NKNBTC","a":968639,"T":1593002317160,"e":"aggTrade","p":"0.00000316","f":1746791},{"m":true,"E":1593002317224,"l":1746802,"M":true,"q":"857.00000000","s":"NKNBTC","a":968640,"T":1593002317223,"e":"aggTrade","p":"0.00000316","f":1746802},{"m":false,"E":1593002323976,"l":1746803,"M":true,"q":"600.00000000","s":"NKNBTC","a":968641,"T":1593002323974,"e":"aggTrade","p":"0.00000317","f":1746803},{"m":true,"E":1593002324190,"l":1746804,"M":true,"q":"10000.00000000","s":"NKNBTC","a":968642,"T":1593002324188,"e":"aggTrade","p":"0.00000316","f":1746804},{"m":false,"E":1593002324205,"l":1746813,"M":true,"q":"82637.00000000","s":"NKNBTC","a":968643,"T":1593002324202,"e":"aggTrade","p":"0.00000317","f":1746805},{"m":false,"E":1593002329532,"l":1746814,"M":true,"q":"32.00000000","s":"NKNBTC","a":968644,"T":1593002329531,"e":"aggTrade","p":"0.00000317","f":1746814},{"m":false,"E":1593002333150,"l":1746815,"M":true,"q":"11275.00000000","s":"NKNBTC","a":968645,"T":1593002333149,"e":"aggTrade","p":"0.00000317","f":1746815},{"m":true,"E":1593002342542,"l":1746816,"M":true,"q":"464.00000000","s":"NKNBTC","a":968646,"T":1593002342541,"e":"aggTrade","p":"0.00000316","f":1746816},{"m":true,"E":1593002348480,"l":1746817,"M":true,"q":"3176.00000000","s":"NKNBTC","a":968647,"T":1593002348478,"e":"aggTrade","p":"0.00000316","f":1746817},{"m":true,"E":1593002351201,"l":1746818,"M":true,"q":"500.00000000","s":"NKNBTC","a":968648,"T":1593002351200,"e":"aggTrade","p":"0.00000316","f":1746818},{"m":true,"E":1593002353957,"l":1746819,"M":true,"q":"2971.00000000","s":"NKNBTC","a":968649,"T":1593002353955,"e":"aggTrade","p":"0.00000316","f":1746819},{"m":false,"E":1593002356626,"l":1746820,"M":true,"q":"48.00000000","s":"NKNBTC","a":968650,"T":1593002356625,"e":"aggTrade","p":"0.00000317","f":1746820},{"m":true,"E":1593002357485,"l":1746821,"M":true,"q":"1999.00000000","s":"NKNBTC","a":968651,"T":1593002357483,"e":"aggTrade","p":"0.00000316","f":1746821},{"m":true,"E":1593002357494,"l":1746822,"M":true,"q":"19888.00000000","s":"NKNBTC","a":968652,"T":1593002357492,"e":"aggTrade","p":"0.00000316","f":1746822},{"m":true,"E":1593002359619,"l":1746823,"M":true,"q":"2941.00000000","s":"NKNBTC","a":968653,"T":1593002359618,"e":"aggTrade","p":"0.00000316","f":1746823},{"m":true,"E":1593002359756,"l":1746824,"M":true,"q":"1037.00000000","s":"NKNBTC","a":968654,"T":1593002359755,"e":"aggTrade","p":"0.00000316","f":1746824},{"m":true,"E":1593002364505,"l":1746826,"M":true,"q":"40873.00000000","s":"NKNBTC","a":968655,"T":1593002364503,"e":"aggTrade","p":"0.00000316","f":1746825},{"m":false,"E":1593002364763,"l":1746827,"M":true,"q":"19128.00000000","s":"NKNBTC","a":968656,"T":1593002364761,"e":"aggTrade","p":"0.00000316","f":1746827},{"m":false,"E":1593002364767,"l":1746828,"M":true,"q":"3358.00000000","s":"NKNBTC","a":968657,"T":1593002364765,"e":"aggTrade","p":"0.00000316","f":1746828},{"m":false,"E":1593002364770,"l":1746829,"M":true,"q":"3744.00000000","s":"NKNBTC","a":968658,"T":1593002364766,"e":"aggTrade","p":"0.00000316","f":1746829},{"m":false,"E":1593002364771,"l":1746831,"M":true,"q":"19998.00000000","s":"NKNBTC","a":968659,"T":1593002364766,"e":"aggTrade","p":"0.00000316","f":1746830},{"m":false,"E":1593002366307,"l":1746832,"M":true,"q":"1057.00000000","s":"NKNBTC","a":968660,"T":1593002366306,"e":"aggTrade","p":"0.00000317","f":1746832}],[{"m":false,"E":1593004923797,"l":1747438,"M":true,"q":"5000.00000000","s":"NKNBTC","a":968989,"T":1593004923795,"e":"aggTrade","p":"0.00000305","f":1747438},{"m":true,"E":1593004934957,"l":1747446,"M":true,"q":"129674.00000000","s":"NKNBTC","a":968990,"T":1593004934954,"e":"aggTrade","p":"0.00000304","f":1747439},{"m":false,"E":1593004934963,"l":1747447,"M":true,"q":"54496.00000000","s":"NKNBTC","a":968991,"T":1593004934961,"e":"aggTrade","p":"0.00000304","f":1747447},{"m":false,"E":1593004935311,"l":1747448,"M":true,"q":"967.00000000","s":"NKNBTC","a":968992,"T":1593004935310,"e":"aggTrade","p":"0.00000304","f":1747448},{"m":false,"E":1593004937822,"l":1747449,"M":true,"q":"33.00000000","s":"NKNBTC","a":968993,"T":1593004937820,"e":"aggTrade","p":"0.00000304","f":1747449},{"m":false,"E":1593004958670,"l":1747450,"M":true,"q":"40.00000000","s":"NKNBTC","a":968994,"T":1593004958668,"e":"aggTrade","p":"0.00000304","f":1747450},{"m":false,"E":1593004962410,"l":1747452,"M":true,"q":"28708.00000000","s":"NKNBTC","a":968995,"T":1593004962408,"e":"aggTrade","p":"0.00000304","f":1747451},{"m":true,"E":1593004970146,"l":1747458,"M":true,"q":"33656.00000000","s":"NKNBTC","a":968996,"T":1593004970144,"e":"aggTrade","p":"0.00000303","f":1747453},{"m":false,"E":1593004971781,"l":1747459,"M":true,"q":"20017.00000000","s":"NKNBTC","a":968997,"T":1593004971779,"e":"aggTrade","p":"0.00000304","f":1747459},{"m":false,"E":1593004972165,"l":1747460,"M":true,"q":"6579.00000000","s":"NKNBTC","a":968998,"T":1593004972164,"e":"aggTrade","p":"0.00000304","f":1747460},{"m":false,"E":1593004977052,"l":1747461,"M":true,"q":"1644.00000000","s":"NKNBTC","a":968999,"T":1593004977051,"e":"aggTrade","p":"0.00000304","f":1747461},{"m":false,"E":1593004979749,"l":1747462,"M":true,"q":"2581.00000000","s":"NKNBTC","a":969000,"T":1593004979748,"e":"aggTrade","p":"0.00000304","f":1747462},{"m":false,"E":1593004980804,"l":1747463,"M":true,"q":"7266.00000000","s":"NKNBTC","a":969001,"T":1593004980803,"e":"aggTrade","p":"0.00000304","f":1747463},{"m":false,"E":1593004991724,"l":1747464,"M":true,"q":"264.00000000","s":"NKNBTC","a":969002,"T":1593004991723,"e":"aggTrade","p":"0.00000304","f":1747464}]]},{"peak":"20.41763341|1200,-5.48780488|90,7.92682927|210,-7.92682927|420,16.26016260|150,-3.81125227|90,9.25589837|90,-12.52336449|330,9.53271028|420,-7.52293578|270,4.58715596|120,-14.68812877|900,3.42052314|840,-9.12951168|1260,18.04670913|1740,-5.70342205|90,6.46387833|330,-7.07456979|180,4.78011472|30,-3.59168242|90,10.39697543|1080,-10.60606061|720,8.71212121|1350,-3.42342342|90,4.32432432|90,-13.30724070|540,10.37181996|840,-5.81613508|840,21.57598499|570,-9.64467005|390,23.18104907|510,-7.21649485|180,6.03829161|60,-3.74639769|120,8.93371758|330,-10.04366812|360,4.22125182|60,-18.15181518|420,15.34653465|180,-3.55555556|90,3.70370370|90,-4.16666667|60,10.71428571|120,-10.05917160|480,21.44970414|420,-6.34715026|540,5.31088083|300,-3.43511450|300,18.06615776|240,-18.21656051|600,8.53503185|180,-5.05548705|90,6.90505549|330,-18.93004115|1530,8.09327846|540,-6.19946092|540,9.16442049|390,-24.61538462|2682,4.61538462|144,-3.97553517|84,4.58715596|357,-10.14492754|1167,11.11111111|818,-5.18292683|209,-5.34351145|263,8.54961832|178,-3.49344978|48,10.62590975|172,-6.59186536|115,4.06732118|35,-8.00582242|233","transactionList":[{},{},{},{},{},{},{},{},{},{},{},{},{},{},{},{},{},{},{},{},{},{},{},{},{},{},{},{},{},{},{},{},{},{},{},{},{},{},{},{},{},{},{},{},{},{},{},{},{},{},{},{},{},{},{},{},{},{},{},{},{},{},{},{},[{"m":true,"E":1592954691304,"l":5990774,"M":true,"q":"341.00000000","s":"BLZBTC","a":4647150,"T":1592954691302,"e":"aggTrade","p":"0.00000328","f":5990774},{"m":true,"E":1592954702962,"l":5990776,"M":true,"q":"19000.00000000","s":"BLZBTC","a":4647151,"T":1592954702961,"e":"aggTrade","p":"0.00000328","f":5990775},{"m":true,"E":1592954715810,"l":5990778,"M":true,"q":"4916.00000000","s":"BLZBTC","a":4647152,"T":1592954715808,"e":"aggTrade","p":"0.00000328","f":5990777},{"m":false,"E":1592954715815,"l":5990779,"M":true,"q":"5105.00000000","s":"BLZBTC","a":4647153,"T":1592954715814,"e":"aggTrade","p":"0.00000328","f":5990779},{"m":false,"E":1592954715819,"l":5990780,"M":true,"q":"2958.00000000","s":"BLZBTC","a":4647154,"T":1592954715818,"e":"aggTrade","p":"0.00000328","f":5990780},{"m":false,"E":1592954715824,"l":5990781,"M":true,"q":"1927.00000000","s":"BLZBTC","a":4647155,"T":1592954715822,"e":"aggTrade","p":"0.00000328","f":5990781},{"m":true,"E":1592954724031,"l":5990782,"M":true,"q":"917.00000000","s":"BLZBTC","a":4647156,"T":1592954724030,"e":"aggTrade","p":"0.00000327","f":5990782},{"m":true,"E":1592954724031,"l":5990783,"M":true,"q":"6737.00000000","s":"BLZBTC","a":4647157,"T":1592954724030,"e":"aggTrade","p":"0.00000327","f":5990783},{"m":false,"E":1592954724047,"l":5990784,"M":true,"q":"3303.00000000","s":"BLZBTC","a":4647158,"T":1592954724045,"e":"aggTrade","p":"0.00000328","f":5990784},{"m":false,"E":1592954726835,"l":5990787,"M":true,"q":"3356.00000000","s":"BLZBTC","a":4647159,"T":1592954726833,"e":"aggTrade","p":"0.00000329","f":5990785},{"m":true,"E":1592954726841,"l":5990788,"M":true,"q":"2956.00000000","s":"BLZBTC","a":4647160,"T":1592954726840,"e":"aggTrade","p":"0.00000329","f":5990788}],[{"m":true,"E":1592965379764,"l":5992715,"M":true,"q":"1894.00000000","s":"BLZBTC","a":4648072,"T":1592965379762,"e":"aggTrade","p":"0.00000351","f":5992715},{"m":false,"E":1592965385675,"l":5992716,"M":true,"q":"29.00000000","s":"BLZBTC","a":4648073,"T":1592965385674,"e":"aggTrade","p":"0.00000352","f":5992716},{"m":false,"E":1592965386678,"l":5992717,"M":true,"q":"29.00000000","s":"BLZBTC","a":4648074,"T":1592965386677,"e":"aggTrade","p":"0.00000352","f":5992717},{"m":false,"E":1592965386694,"l":5992719,"M":true,"q":"1545.00000000","s":"BLZBTC","a":4648075,"T":1592965386692,"e":"aggTrade","p":"0.00000352","f":5992718},{"m":false,"E":1592965387688,"l":5992720,"M":true,"q":"29.00000000","s":"BLZBTC","a":4648076,"T":1592965387687,"e":"aggTrade","p":"0.00000353","f":5992720},{"m":false,"E":1592965387703,"l":5992721,"M":true,"q":"80.00000000","s":"BLZBTC","a":4648077,"T":1592965387702,"e":"aggTrade","p":"0.00000353","f":5992721},{"m":false,"E":1592965388689,"l":5992722,"M":true,"q":"32.00000000","s":"BLZBTC","a":4648078,"T":1592965388688,"e":"aggTrade","p":"0.00000353","f":5992722},{"m":true,"E":1592965401622,"l":5992723,"M":true,"q":"10568.00000000","s":"BLZBTC","a":4648079,"T":1592965401620,"e":"aggTrade","p":"0.00000351","f":5992723},{"m":true,"E":1592965409995,"l":5992724,"M":true,"q":"50.00000000","s":"BLZBTC","a":4648080,"T":1592965409994,"e":"aggTrade","p":"0.00000351","f":5992724},{"m":false,"E":1592965410594,"l":5992725,"M":true,"q":"1603.00000000","s":"BLZBTC","a":4648081,"T":1592965410593,"e":"aggTrade","p":"0.00000352","f":5992725},{"m":false,"E":1592965411831,"l":5992727,"M":true,"q":"80.00000000","s":"BLZBTC","a":4648082,"T":1592965411830,"e":"aggTrade","p":"0.00000353","f":5992726},{"m":false,"E":1592965414863,"l":5992728,"M":true,"q":"80.00000000","s":"BLZBTC","a":4648083,"T":1592965414862,"e":"aggTrade","p":"0.00000353","f":5992728},{"m":false,"E":1592965415740,"l":5992729,"M":true,"q":"10.00000000","s":"BLZBTC","a":4648084,"T":1592965415739,"e":"aggTrade","p":"0.00000353","f":5992729},{"m":false,"E":1592965416788,"l":5992730,"M":true,"q":"10.00000000","s":"BLZBTC","a":4648085,"T":1592965416787,"e":"aggTrade","p":"0.00000353","f":5992730},{"m":false,"E":1592965425951,"l":5992731,"M":true,"q":"80.00000000","s":"BLZBTC","a":4648086,"T":1592965425950,"e":"aggTrade","p":"0.00000353","f":5992731},{"m":false,"E":1592965431954,"l":5992732,"M":true,"q":"39.00000000","s":"BLZBTC","a":4648087,"T":1592965431952,"e":"aggTrade","p":"0.00000353","f":5992732},{"m":true,"E":1592965432788,"l":5992733,"M":true,"q":"48.00000000","s":"BLZBTC","a":4648088,"T":1592965432787,"e":"aggTrade","p":"0.00000352","f":5992733},{"m":false,"E":1592965432975,"l":5992734,"M":true,"q":"42.00000000","s":"BLZBTC","a":4648089,"T":1592965432974,"e":"aggTrade","p":"0.00000353","f":5992734},{"m":false,"E":1592965434283,"l":5992744,"M":true,"q":"9009.00000000","s":"BLZBTC","a":4648090,"T":1592965434270,"e":"aggTrade","p":"0.00000353","f":5992735},{"m":false,"E":1592965434283,"l":5992769,"M":true,"q":"35080.00000000","s":"BLZBTC","a":4648091,"T":1592965434270,"e":"aggTrade","p":"0.00000354","f":5992745},{"m":false,"E":1592965434283,"l":5992799,"M":true,"q":"87189.00000000","s":"BLZBTC","a":4648092,"T":1592965434270,"e":"aggTrade","p":"0.00000355","f":5992770},{"m":true,"E":1592965434290,"l":5992800,"M":true,"q":"24620.00000000","s":"BLZBTC","a":4648093,"T":1592965434288,"e":"aggTrade","p":"0.00000355","f":5992800},{"m":true,"E":1592965434343,"l":5992801,"M":true,"q":"2767.00000000","s":"BLZBTC","a":4648094,"T":1592965434300,"e":"aggTrade","p":"0.00000355","f":5992801},{"m":true,"E":1592965434346,"l":5992802,"M":true,"q":"6083.00000000","s":"BLZBTC","a":4648095,"T":1592965434305,"e":"aggTrade","p":"0.00000355","f":5992802},{"m":true,"E":1592965434348,"l":5992803,"M":true,"q":"1094.00000000","s":"BLZBTC","a":4648096,"T":1592965434311,"e":"aggTrade","p":"0.00000355","f":5992803},{"m":true,"E":1592965434358,"l":5992804,"M":true,"q":"5054.00000000","s":"BLZBTC","a":4648097,"T":1592965434352,"e":"aggTrade","p":"0.00000355","f":5992804},{"m":true,"E":1592965434368,"l":5992805,"M":true,"q":"5146.00000000","s":"BLZBTC","a":4648098,"T":1592965434359,"e":"aggTrade","p":"0.00000355","f":5992805},{"m":true,"E":1592965434368,"l":5992806,"M":true,"q":"16521.00000000","s":"BLZBTC","a":4648099,"T":1592965434359,"e":"aggTrade","p":"0.00000352","f":5992806},{"m":true,"E":1592965434385,"l":5992807,"M":true,"q":"835.00000000","s":"BLZBTC","a":4648100,"T":1592965434384,"e":"aggTrade","p":"0.00000353","f":5992807},{"m":false,"E":1592965435300,"l":5992808,"M":true,"q":"11.00000000","s":"BLZBTC","a":4648101,"T":1592965435298,"e":"aggTrade","p":"0.00000355","f":5992808},{"m":true,"E":1592965436609,"l":5992809,"M":true,"q":"1600.00000000","s":"BLZBTC","a":4648102,"T":1592965436608,"e":"aggTrade","p":"0.00000353","f":5992809},{"m":false,"E":1592965437239,"l":5992812,"M":true,"q":"3968.00000000","s":"BLZBTC","a":4648103,"T":1592965437238,"e":"aggTrade","p":"0.00000355","f":5992810},{"m":true,"E":1592965437348,"l":5992813,"M":true,"q":"691.00000000","s":"BLZBTC","a":4648104,"T":1592965437347,"e":"aggTrade","p":"0.00000355","f":5992813},{"m":true,"E":1592965437443,"l":5992814,"M":true,"q":"205.00000000","s":"BLZBTC","a":4648105,"T":1592965437442,"e":"aggTrade","p":"0.00000355","f":5992814},{"m":false,"E":1592965437975,"l":5992816,"M":true,"q":"282.00000000","s":"BLZBTC","a":4648106,"T":1592965437974,"e":"aggTrade","p":"0.00000356","f":5992815},{"m":false,"E":1592965439628,"l":5992818,"M":true,"q":"340.00000000","s":"BLZBTC","a":4648107,"T":1592965439626,"e":"aggTrade","p":"0.00000356","f":5992817},{"m":true,"E":1592965439912,"l":5992820,"M":true,"q":"1000.00000000","s":"BLZBTC","a":4648108,"T":1592965439910,"e":"aggTrade","p":"0.00000355","f":5992819},{"m":true,"E":1592965443711,"l":5992823,"M":true,"q":"558.00000000","s":"BLZBTC","a":4648109,"T":1592965443709,"e":"aggTrade","p":"0.00000355","f":5992821},{"m":true,"E":1592965444007,"l":5992824,"M":true,"q":"29.00000000","s":"BLZBTC","a":4648110,"T":1592965444006,"e":"aggTrade","p":"0.00000354","f":5992824},{"m":true,"E":1592965444828,"l":5992827,"M":true,"q":"763.00000000","s":"BLZBTC","a":4648111,"T":1592965444824,"e":"aggTrade","p":"0.00000354","f":5992825},{"m":true,"E":1592965444828,"l":5992835,"M":true,"q":"2972.00000000","s":"BLZBTC","a":4648112,"T":1592965444824,"e":"aggTrade","p":"0.00000353","f":5992828},{"m":true,"E":1592965444828,"l":5992840,"M":true,"q":"5832.00000000","s":"BLZBTC","a":4648113,"T":1592965444824,"e":"aggTrade","p":"0.00000352","f":5992836},{"m":true,"E":1592965444940,"l":5992842,"M":true,"q":"11725.00000000","s":"BLZBTC","a":4648114,"T":1592965444939,"e":"aggTrade","p":"0.00000352","f":5992841},{"m":true,"E":1592965445022,"l":5992843,"M":true,"q":"1500.00000000","s":"BLZBTC","a":4648115,"T":1592965445021,"e":"aggTrade","p":"0.00000353","f":5992843},{"m":true,"E":1592965445022,"l":5992844,"M":true,"q":"7532.00000000","s":"BLZBTC","a":4648116,"T":1592965445021,"e":"aggTrade","p":"0.00000352","f":5992844},{"m":true,"E":1592965445052,"l":5992855,"M":true,"q":"5893.00000000","s":"BLZBTC","a":4648117,"T":1592965445049,"e":"aggTrade","p":"0.00000351","f":5992845},{"m":true,"E":1592965445056,"l":5992857,"M":true,"q":"24289.00000000","s":"BLZBTC","a":4648118,"T":1592965445049,"e":"aggTrade","p":"0.00000351","f":5992856},{"m":true,"E":1592965445056,"l":5992869,"M":true,"q":"15473.00000000","s":"BLZBTC","a":4648119,"T":1592965445049,"e":"aggTrade","p":"0.00000350","f":5992858},{"m":false,"E":1592965445062,"l":5992870,"M":true,"q":"15573.00000000","s":"BLZBTC","a":4648120,"T":1592965445061,"e":"aggTrade","p":"0.00000350","f":5992870},{"m":true,"E":1592965445108,"l":5992871,"M":true,"q":"1017.00000000","s":"BLZBTC","a":4648121,"T":1592965445089,"e":"aggTrade","p":"0.00000352","f":5992871},{"m":true,"E":1592965445108,"l":5992872,"M":true,"q":"273.00000000","s":"BLZBTC","a":4648122,"T":1592965445089,"e":"aggTrade","p":"0.00000351","f":5992872},{"m":true,"E":1592965445136,"l":5992873,"M":true,"q":"6305.00000000","s":"BLZBTC","a":4648123,"T":1592965445134,"e":"aggTrade","p":"0.00000351","f":5992873},{"m":true,"E":1592965445136,"l":5992875,"M":true,"q":"952.00000000","s":"BLZBTC","a":4648124,"T":1592965445134,"e":"aggTrade","p":"0.00000350","f":5992874},{"m":false,"E":1592965445161,"l":5992876,"M":true,"q":"2889.00000000","s":"BLZBTC","a":4648125,"T":1592965445159,"e":"aggTrade","p":"0.00000353","f":5992876},{"m":true,"E":1592965445238,"l":5992877,"M":true,"q":"3289.00000000","s":"BLZBTC","a":4648126,"T":1592965445233,"e":"aggTrade","p":"0.00000351","f":5992877},{"m":true,"E":1592965445238,"l":5992889,"M":true,"q":"8512.00000000","s":"BLZBTC","a":4648127,"T":1592965445233,"e":"aggTrade","p":"0.00000349","f":5992878},{"m":true,"E":1592965445317,"l":5992890,"M":true,"q":"5381.00000000","s":"BLZBTC","a":4648128,"T":1592965445311,"e":"aggTrade","p":"0.00000351","f":5992890},{"m":true,"E":1592965445317,"l":5992893,"M":true,"q":"7406.00000000","s":"BLZBTC","a":4648129,"T":1592965445311,"e":"aggTrade","p":"0.00000350","f":5992891},{"m":true,"E":1592965445317,"l":5992894,"M":true,"q":"335.00000000","s":"BLZBTC","a":4648130,"T":1592965445311,"e":"aggTrade","p":"0.00000349","f":5992894},{"m":true,"E":1592965445317,"l":5992910,"M":true,"q":"44614.00000000","s":"BLZBTC","a":4648131,"T":1592965445311,"e":"aggTrade","p":"0.00000348","f":5992895},{"m":true,"E":1592965445399,"l":5992911,"M":true,"q":"822.00000000","s":"BLZBTC","a":4648132,"T":1592965445395,"e":"aggTrade","p":"0.00000350","f":5992911},{"m":true,"E":1592965445400,"l":5992912,"M":true,"q":"6396.00000000","s":"BLZBTC","a":4648133,"T":1592965445395,"e":"aggTrade","p":"0.00000349","f":5992912},{"m":true,"E":1592965445400,"l":5992916,"M":true,"q":"23424.00000000","s":"BLZBTC","a":4648134,"T":1592965445395,"e":"aggTrade","p":"0.00000348","f":5992913},{"m":true,"E":1592965445400,"l":5992924,"M":true,"q":"2365.00000000","s":"BLZBTC","a":4648135,"T":1592965445395,"e":"aggTrade","p":"0.00000347","f":5992917},{"m":true,"E":1592965445400,"l":5992932,"M":true,"q":"9024.00000000","s":"BLZBTC","a":4648136,"T":1592965445395,"e":"aggTrade","p":"0.00000347","f":5992925},{"m":false,"E":1592965445408,"l":5992933,"M":true,"q":"4233.00000000","s":"BLZBTC","a":4648137,"T":1592965445406,"e":"aggTrade","p":"0.00000347","f":5992933},{"m":false,"E":1592965445414,"l":5992934,"M":true,"q":"696.00000000","s":"BLZBTC","a":4648138,"T":1592965445409,"e":"aggTrade","p":"0.00000347","f":5992934},{"m":true,"E":1592965445451,"l":5992935,"M":true,"q":"2876.00000000","s":"BLZBTC","a":4648139,"T":1592965445450,"e":"aggTrade","p":"0.00000347","f":5992935},{"m":true,"E":1592965445451,"l":5992936,"M":true,"q":"310.00000000","s":"BLZBTC","a":4648140,"T":1592965445450,"e":"aggTrade","p":"0.00000346","f":5992936},{"m":true,"E":1592965445454,"l":5992939,"M":true,"q":"422.00000000","s":"BLZBTC","a":4648141,"T":1592965445453,"e":"aggTrade","p":"0.00000346","f":5992937},{"m":true,"E":1592965445456,"l":5992944,"M":true,"q":"1850.00000000","s":"BLZBTC","a":4648142,"T":1592965445454,"e":"aggTrade","p":"0.00000346","f":5992940},{"m":true,"E":1592965445515,"l":5992945,"M":true,"q":"594.00000000","s":"BLZBTC","a":4648143,"T":1592965445513,"e":"aggTrade","p":"0.00000347","f":5992945},{"m":false,"E":1592965445574,"l":5992946,"M":true,"q":"84.00000000","s":"BLZBTC","a":4648144,"T":1592965445572,"e":"aggTrade","p":"0.00000351","f":5992946},{"m":false,"E":1592965447022,"l":5992950,"M":true,"q":"3149.00000000","s":"BLZBTC","a":4648145,"T":1592965447020,"e":"aggTrade","p":"0.00000350","f":5992947},{"m":false,"E":1592965447191,"l":5992951,"M":true,"q":"69.00000000","s":"BLZBTC","a":4648146,"T":1592965447190,"e":"aggTrade","p":"0.00000350","f":5992951},{"m":false,"E":1592965447311,"l":5992953,"M":true,"q":"569.00000000","s":"BLZBTC","a":4648147,"T":1592965447309,"e":"aggTrade","p":"0.00000350","f":5992952},{"m":false,"E":1592965447509,"l":5992954,"M":true,"q":"711.00000000","s":"BLZBTC","a":4648148,"T":1592965447507,"e":"aggTrade","p":"0.00000349","f":5992954},{"m":false,"E":1592965447509,"l":5992957,"M":true,"q":"1750.00000000","s":"BLZBTC","a":4648149,"T":1592965447507,"e":"aggTrade","p":"0.00000350","f":5992955},{"m":false,"E":1592965447509,"l":5992958,"M":true,"q":"235.00000000","s":"BLZBTC","a":4648150,"T":1592965447507,"e":"aggTrade","p":"0.00000351","f":5992958},{"m":false,"E":1592965448307,"l":5992961,"M":true,"q":"734.00000000","s":"BLZBTC","a":4648151,"T":1592965448305,"e":"aggTrade","p":"0.00000349","f":5992959},{"m":true,"E":1592965448310,"l":5992962,"M":true,"q":"171.00000000","s":"BLZBTC","a":4648152,"T":1592965448308,"e":"aggTrade","p":"0.00000348","f":5992962},{"m":true,"E":1592965448577,"l":5992963,"M":true,"q":"72.00000000","s":"BLZBTC","a":4648153,"T":1592965448576,"e":"aggTrade","p":"0.00000349","f":5992963},{"m":true,"E":1592965448620,"l":5992964,"M":true,"q":"265.00000000","s":"BLZBTC","a":4648154,"T":1592965448618,"e":"aggTrade","p":"0.00000349","f":5992964},{"m":true,"E":1592965448620,"l":5992965,"M":true,"q":"251.00000000","s":"BLZBTC","a":4648155,"T":1592965448618,"e":"aggTrade","p":"0.00000348","f":5992965},{"m":true,"E":1592965448630,"l":5992966,"M":true,"q":"172.00000000","s":"BLZBTC","a":4648156,"T":1592965448629,"e":"aggTrade","p":"0.00000348","f":5992966},{"m":true,"E":1592965448728,"l":5992967,"M":true,"q":"90.00000000","s":"BLZBTC","a":4648157,"T":1592965448727,"e":"aggTrade","p":"0.00000348","f":5992967},{"m":true,"E":1592965448759,"l":5992968,"M":true,"q":"505.00000000","s":"BLZBTC","a":4648158,"T":1592965448758,"e":"aggTrade","p":"0.00000348","f":5992968}