[{"peak":"","transactionList":[]},{"peak":"-6.38423645|1170,14.91625616|6930,-4.49740190|900,7.04174879|2310,-24.51021259|6120,3.52230096|150,-3.54388159|150,6.52491140|630,-3.84068279|330,13.47287137|2700,-8.02863223|3120,3.86922035|600,-4.33346288|270,7.11232025|3158","transactionList":[{},{},{},{},{},{},{},{},{},{},{},{},{},{}]},{"peak":"-5.22088353|1740,6.22489960|3960,-3.52250489|1230,6.84931507|3900,-5.81395349|1530,3.87596899|1830,-19.11111111|4230,7.77777778|2130,-4.97835498|750,11.03896104|720,-6.65280665|600,6.44490644|420,-12.28070175|1770,3.07017544|1110,-3.29670330|150,3.73626374|3421,3.73626374|3421","transactionList":[{},{},{},{},{},{},{},{},{},{},{},{},{},{},{},{},[{"m":false,"l":6689407,"M":true,"q":"424.00000000","a":5490919,"T":1596551495376,"p":"0.00000236","f":6689403}]]},{"peak":"-8.90357698|1020,15.00777605|8970,-6.25000000|1650,5.35201149|2550,-13.72625048|1230,6.55292749|450,-27.51740139|1410,5.05800464|150,-5.69561158|150,7.79645191|750,-4.85921889|60,20.02724796|1200,-10.17090454|900,9.17048770|630,-14.21718273|1860,8.37331007|1350,-4.76391231|300,7.25126476|2505,-6.26566416|1405,3.59231412|348","transactionList":[{},{},{},{},{},{},{},{},{},{},{},{},{},{},{},{},{},{},{},{}]},{"peak":"12.65822785|660,-3.48837209|90,5.03875969|150,-5.85937500|360,3.51562500|360,-7.72357724|450,4.87804878|1770,-3.20000000|270,5.20000000|330,-3.13725490|300,15.68627451|630,-4.24028269|240,8.48056537|270,-4.06779661|150,4.40677966|150,-13.23529412|570,3.30882353|120,-6.03773585|330,7.16981132|210,-3.27272727|150,8.36363636|540,-8.36363636|300,4.00000000|690,-3.24909747|60,5.41516245|120,-6.95970696|210,7.69230769|600,-3.52112676|480,15.49295775|480,-11.18644068|450,7.11864407|990,-11.66077739|90,3.53356890|810,-8.51851852|870,3.70370370|150,-3.32103321|720,14.02214022|270,-24.59677419|1110,7.25806452|240,-3.10077519|90,3.48837209|360,-17.10526316|480,6.14035088|150,-18.62745098|510,16.17647059|210,-11.79245283|90,16.98113208|660,-10.71428571|330,3.57142857|330,-3.11111111|90,25.33333333|780,-4.05904059|90,4.79704797|120,-9.65250965|150,16.21621622|630,-4.15224913|90,5.53633218|60,-14.23220974|810,9.36329588|240,-9.77443609|810,3.75939850|60,-6.97674419|420,4.65116279|270,-9.31174089|330,5.26315789|450,-7.88381743|840,17.01244813|1695,-11.02362205|489,8.66141732|856,-3.75939850|209,7.14285714|317,17.66917293|636,-4.68227425|10,4.68227425|26,-6.10169492|105,4.74576271|126","transactionList":[{},{},{},{},{},{},{},{},{},{},{},{},{},{},{},{},{},{},{},{},{},{},{},{},{},{},{},{},{},{},{},{},{},{},{},{},{},{},{},{},{},{},{},{},{},{},{},{},{},{},{},{},{},{},{},{},{},{},{},{},{},{},{},{},{},{},{},{},{},{},{},[{"m":false,"E":1596573893275,"l":6623628,"M":true,"q":"41491.00000000","s":"DOCKBTC","a":4126349,"T":1596573893274,"e":"aggTrade","p":"0.00000156","f":6623625},{"m":false,"E":1596573893974,"l":6623633,"M":true,"q":"1179556.00000000","s":"DOCKBTC","a":4126350,"T":1596573893972,"e":"aggTrade","p":"0.00000156","f":6623629},{"m":false,"E":1596573896833,"l":6623634,"M":true,"q":"303860.00000000","s":"DOCKBTC","a":4126351,"T":1596573896832,"e":"aggTrade","p":"0.00000156","f":6623634},{"m":false,"E":1596573899036,"l":6623635,"M":true,"q":"364632.00000000","s":"DOCKBTC","a":4126352,"T":1596573899035,"e":"aggTrade","p":"0.00000156","f":6623635},{"m":false,"E":1596573899774,"l":6623636,"M":true,"q":"21005.00000000","s":"DOCKBTC","a":4126353,"T":1596573899773,"e":"aggTrade","p":"0.00000156","f":6623636},{"m":true,"E":1596573900611,"l":6623638,"M":true,"q":"6195.00000000","s":"DOCKBTC","a":4126354,"T":1596573900610,"e":"aggTrade","p":"0.00000155","f":6623637},{"m":false,"E":1596573903638,"l":6623639,"M":true,"q":"51362.00000000","s":"DOCKBTC","a":4126355,"T":1596573903637,"e":"aggTrade","p":"0.00000156","f":6623639},{"m":false,"E":1596573905592,"l":6623640,"M":true,"q":"279987.00000000","s":"DOCKBTC","a":4126356,"T":1596573905591,"e":"aggTrade","p":"0.00000156","f":6623640},{"m":false,"E":1596573908308,"l":6623641,"M":true,"q":"5533.00000000","s":"DOCKBTC","a":4126357,"T":1596573908307,"e":"aggTrade","p":"0.00000156","f":6623641},{"m":false,"E":1596573909965,"l":6623642,"M":true,"q":"3653.00000000","s":"DOCKBTC","a":4126358,"T":1596573909963,"e":"aggTrade","p":"0.00000156","f":6623642},{"m":false,"E":1596573910948,"l":6623643,"M":true,"q":"23077.00000000","s":"DOCKBTC","a":4126359,"T":1596573910947,"e":"aggTrade","p":"0.00000156","f":6623643},{"m":false,"E":1596573915156,"l":6623644,"M":true,"q":"32051.00000000","s":"DOCKBTC","a":4126360,"T":1596573915155,"e":"aggTrade","p":"0.00000156","f":6623644},{"m":false,"E":1596573919614,"l":6623645,"M":true,"q":"23077.00000000","s":"DOCKBTC","a":4126361,"T":1596573919613,"e":"aggTrade","p":"0.00000156","f":6623645},{"m":false,"E":1596573923042,"l":6623646,"M":true,"q":"1029.00000000","s":"DOCKBTC","a":4126362,"T":1596573923041,"e":"aggTrade","p":"0.00000156","f":6623646},{"m":false,"E":1596573923633,"l":6623647,"M":true,"q":"578.00000000","s":"DOCKBTC","a":4126363,"T":1596573923632,"e":"aggTrade","p":"0.00000156","f":6623647},{"m":false,"E":1596573924109,"l":6623648,"M":true,"q":"14744.00000000","s":"DOCKBTC","a":4126364,"T":1596573924108,"e":"aggTrade","p":"0.00000156","f":6623648},{"m":false,"E":1596573925245,"l":6623649,"M":true,"q":"15334.00000000","s":"DOCKBTC","a":4126365,"T":1596573925244,"e":"aggTrade","p":"0.00000156","f":6623649},{"m":false,"E":1596573932916,"l":6623650,"M":true,"q":"38462.00000000","s":"DOCKBTC","a":4126366,"T":1596573932915,"e":"aggTrade","p":"0.00000156","f":6623650},{"m":false,"E":1596573936504,"l":6623651,"M":true,"q":"22721.00000000","s":"DOCKBTC","a":4126367,"T":1596573936503,"e":"aggTrade","p":"0.00000156","f":6623651},{"m":false,"E":1596573937428,"l":6623652,"M":true,"q":"16026.00000000","s":"DOCKBTC","a":4126368,"T":1596573937427,"e":"aggTrade","p":"0.00000156","f":6623652},{"m":false,"E":1596573941469,"l":6623653,"M":true,"q":"14744.00000000","s":"DOCKBTC","a":4126369,"T":1596573941468,"e":"aggTrade","p":"0.00000156","f":6623653},{"m":false,"E":1596573945544,"l":6623654,"M":true,"q":"14744.00000000","s":"DOCKBTC","a":4126370,"T":1596573945543,"e":"aggTrade","p":"0.00000156","f":6623654},{"m":false,"E":1596573946803,"l":6623655,"M":true,"q":"21721.00000000","s":"DOCKBTC","a":4126371,"T":1596573946801,"e":"aggTrade","p":"0.00000156","f":6623655},{"m":false,"E":1596573951278,"l":6623656,"M":true,"q":"12820.00000000","s":"DOCKBTC","a":4126372,"T":1596573951277,"e":"aggTrade","p":"0.00000156","f":6623656},{"m":true,"E":1596573951831,"l":6623658,"M":true,"q":"28543.00000000","s":"DOCKBTC","a":4126373,"T":1596573951830,"e":"aggTrade","p":"0.00000155","f":6623657},{"m":false,"E":1596573951867,"l":6623659,"M":true,"q":"30000.00000000","s":"DOCKBTC","a":4126374,"T":1596573951866,"e":"aggTrade","p":"0.00000156","f":6623659},{"m":false,"E":1596573953099,"l":6623663,"M":true,"q":"21589.00000000","s":"DOCKBTC","a":4126375,"T":1596573953097,"e":"aggTrade","p":"0.00000156","f":6623660},{"m":true,"E":1596573953248,"l":6623664,"M":true,"q":"19808.00000000","s":"DOCKBTC","a":4126376,"T":1596573953247,"e":"aggTrade","p":"0.00000156","f":6623664},{"m":false,"E":1596573953964,"l":6623666,"M":true,"q":"483.00000000","s":"DOCKBTC","a":4126377,"T":1596573953963,"e":"aggTrade","p":"0.00000157","f":6623665},{"m":false,"E":1596573953964,"l":6623671,"M":true,"q":"33121.00000000","s":"DOCKBTC","a":4126378,"T":1596573953963,"e":"aggTrade","p":"0.00000157","f":6623667},{"m":true,"E":1596573954302,"l":6623672,"M":true,"q":"13813.00000000","s":"DOCKBTC","a":4126379,"T":1596573954301,"e":"aggTrade","p":"0.00000156","f":6623672},{"m":true,"E":1596573954338,"l":6623674,"M":true,"q":"9657.00000000","s":"DOCKBTC","a":4126380,"T":1596573954337,"e":"aggTrade","p":"0.00000156","f":6623673},{"m":false,"E":1596573954433,"l":6623675,"M":true,"q":"128.00000000","s":"DOCKBTC","a":4126381,"T":1596573954432,"e":"aggTrade","p":"0.00000156","f":6623675},{"m":true,"E":1596573954753,"l":6623676,"M":true,"q":"744.00000000","s":"DOCKBTC","a":4126382,"T":1596573954753,"e":"aggTrade","p":"0.00000155","f":6623676},{"m":true,"E":1596573954832,"l":6623677,"M":true,"q":"10136.00000000","s":"DOCKBTC","a":4126383,"T":1596573954831,"e":"aggTrade","p":"0.00000155","f":6623677},{"m":false,"E":1596573955247,"l":6623681,"M":true,"q":"40682.00000000","s":"DOCKBTC","a":4126384,"T":1596573955246,"e":"aggTrade","p":"0.00000156","f":6623678},{"m":true,"E":1596573955408,"l":6623682,"M":true,"q":"142556.00000000","s":"DOCKBTC","a":4126385,"T":1596573955407,"e":"aggTrade","p":"0.00000156","f":6623682},{"m":true,"E":1596573956202,"l":6623683,"M":true,"q":"3897.00000000","s":"DOCKBTC","a":4126386,"T":1596573956201,"e":"aggTrade","p":"0.00000156","f":6623683},{"m":true,"E":1596573956472,"l":6623684,"M":true,"q":"109917.00000000","s":"DOCKBTC","a":4126387,"T":1596573956471,"e":"aggTrade","p":"0.00000156","f":6623684},{"m":true,"E":1596573957857,"l":6623685,"M":true,"q":"109917.00000000","s":"DOCKBTC","a":4126388,"T":1596573957856,"e":"aggTrade","p":"0.00000156","f":6623685},{"m":true,"E":1596573958891,"l":6623692,"M":true,"q":"195649.00000000","s":"DOCKBTC","a":4126389,"T":1596573958889,"e":"aggTrade","p":"0.00000156","f":6623686},{"m":false,"E":1596573960670,"l":6623693,"M":true,"q":"1592.00000000","s":"DOCKBTC","a":4126390,"T":1596573960669,"e":"aggTrade","p":"0.00000156","f":6623693},{"m":false,"E":1596573962019,"l":6623694,"M":true,"q":"1719530.00000000","s":"DOCKBTC","a":4126391,"T":1596573962018,"e":"aggTrade","p":"0.00000156","f":6623694},{"m":false,"E":1596573962498,"l":6623695,"M":true,"q":"2993.00000000","s":"DOCKBTC","a":4126392,"T":1596573962497,"e":"aggTrade","p":"0.00000156","f":6623695},{"m":false,"E":1596573962618,"l":6623696,"M":true,"q":"83560.00000000","s":"DOCKBTC","a":4126393,"T":1596573962617,"e":"aggTrade","p":"0.00000156","f":6623696},{"m":false,"E":1596573966486,"l":6623697,"M":true,"q":"1017.00000000","s":"DOCKBTC","a":4126394,"T":1596573966485,"e":"aggTrade","p":"0.00000156","f":6623697},{"m":false,"E":1596573969522,"l":6623700,"M":true,"q":"38735.00000000","s":"DOCKBTC","a":4126395,"T":1596573969521,"e":"aggTrade","p":"0.00000156","f":6623698},{"m":false,"E":1596573969543,"l":6623701,"M":true,"q":"11040.00000000","s":"DOCKBTC","a":4126396,"T":1596573969542,"e":"aggTrade","p":"0.00000156","f":6623701},{"m":false,"E":1596573969941,"l":6623702,"M":true,"q":"32609.00000000","s":"DOCKBTC","a":4126397,"T":1596573969941,"e":"aggTrade","p":"0.00000156","f":6623702},{"m":true,"E":1596573973461,"l":6623731,"M":true,"q":"891183.00000000","s":"DOCKBTC","a":4126398,"T":1596573973456,"e":"aggTrade","p":"0.00000155","f":6623703},{"m":true,"E":1596573973461,"l":6623754,"M":true,"q":"184244.00000000","s":"DOCKBTC","a":4126399,"T":1596573973456,"e":"aggTrade","p":"0.00000154","f":6623732},{"m":true,"E":1596573973461,"l":6623755,"M":true,"q":"680.00000000","s":"DOCKBTC","a":4126400,"T":1596573973456,"e":"aggTrade","p":"0.00000153","f":6623755},{"m":true,"E":1596573973461,"l":6623756,"M":true,"q":"602.00000000","s":"DOCKBTC","a":4126401,"T":1596573973456,"e":"aggTrade","p":"0.00000153","f":6623756},{"m":true,"E":1596573973462,"l":6623766,"M":true,"q":"31117.00000000","s":"DOCKBTC","a":4126402,"T":1596573973456,"e":"aggTrade","p":"0.00000153","f":6623757},{"m":true,"E":1596573973462,"l":6623768,"M":true,"q":"55810.00000000","s":"DOCKBTC","a":4126403,"T":1596573973456,"e":"aggTrade","p":"0.00000153","f":6623767},{"m":true,"E":1596573973462,"l":6623769,"M":true,"q":"5039.00000000","s":"DOCKBTC","a":4126404,"T":1596573973456,"e":"aggTrade","p":"0.00000153","f":6623769},{"m":true,"E":1596573973462,"l":6623770,"M":true,"q":"11347.00000000","s":"DOCKBTC","a":4126405,"T":1596573973456,"e":"aggTrade","p":"0.00000153","f":6623770},{"m":true,"E":1596573973462,"l":6623771,"M":true,"q":"354.00000000","s":"DOCKBTC","a":4126406,"T":1596573973456,"e":"aggTrade","p":"0.00000153","f":6623771},{"m":false,"E":1596573973469,"l":6623772,"M":true,"q":"449893.00000000","s":"DOCKBTC","a":4126407,"T":1596573973468,"e":"aggTrade","p":"0.00000154","f":6623772},{"m":false,"E":1596573973471,"l":6623773,"M":true,"q":"10036.00000000","s":"DOCKBTC","a":4126408,"T":1596573973469,"e":"aggTrade","p":"0.00000154","f":6623773},{"m":false,"E":1596573973472,"l":6623774,"M":true,"q":"10036.00000000","s":"DOCKBTC","a":4126409,"T":1596573973470,"e":"aggTrade","p":"0.00000154","f":6623774},{"m":false,"E":1596573973473,"l":6623775,"M":true,"q":"10036.00000000","s":"DOCKBTC","a":4126410,"T":1596573973471,"e":"aggTrade","p":"0.00000154","f":6623775},{"m":false,"E":1596573973474,"l":6623776,"M":true,"q":"10036.00000000","s":"DOCKBTC","a":4126411,"T":1596573973471,"e":"aggTrade","p":"0.00000154","f":6623776},{"m":false,"E":1596573973474,"l":6623777,"M":true,"q":"10036.00000000","s":"DOCKBTC","a":4126412,"T":1596573973471,"e":"aggTrade","p":"0.00000154","f":6623777},{"m":false,"E":1596573973475,"l":6623778,"M":true,"q":"10036.00000000","s":"DOCKBTC","a":4126413,"T":1596573973471,"e":"aggTrade","p":"0.00000154","f":6623778},{"m":false,"E":1596573973476,"l":6623779,"M":true,"q":"10036.00000000","s":"DOCKBTC","a":4126414,"T":1596573973472,"e":"aggTrade","p":"0.00000154","f":6623779},{"m":false,"E":1596573973476,"l":6623780,"M":true,"q":"10036.00000000","s":"DOCKBTC","a":4126415,"T":1596573973472,"e":"aggTrade","p":"0.00000154","f":6623780},{"m":false,"E":1596573973476,"l":6623781,"M":true,"q":"10036.00000000","s":"DOCKBTC","a":4126416,"T":1596573973472,"e":"aggTrade","p":"0.00000154","f":6623781},{"m":false,"E":1596573973476,"l":6623782,"M":true,"q":"10036.00000000","s":"DOCKBTC","a":4126417,"T":1596573973472,"e":"aggTrade","p":"0.00000154","f":6623782},{"m":false,"E":1596573973477,"l":6623783,"M":true,"q":"10036.00000000","s":"DOCKBTC","a":4126418,"T":1596573973472,"e":"aggTrade","p":"0.00000154","f":6623783},{"m":false,"E":1596573973477,"l":6623784,"M":true,"q":"10036.00000000","s":"DOCKBTC","a":4126419,"T":1596573973472,"e":"aggTrade","p":"0.00000154","f":6623784},{"m":false,"E":1596573973477,"l":6623785,"M":true,"q":"42580.00000000","s":"DOCKBTC","a":4126420,"T":1596573973472,"e":"aggTrade","p":"0.00000154","f":6623785},{"m":false,"E":1596573973478,"l":6623786,"M":true,"q":"10036.00000000","s":"DOCKBTC","a":4126421,"T":1596573973472,"e":"aggTrade","p":"0.00000154","f":6623786},{"m":false,"E":1596573973478,"l":6623787,"M":true,"q":"10036.00000000","s":"DOCKBTC","a":4126422,"T":1596573973473,"e":"aggTrade","p":"0.00000154","f":6623787},{"m":false,"E":1596573973478,"l":6623788,"M":true,"q":"10036.00000000","s":"DOCKBTC","a":4126423,"T":1596573973473,"e":"aggTrade","p":"0.00000154","f":6623788},{"m":false,"E":1596573973479,"l":6623789,"M":true,"q":"10036.00000000","s":"DOCKBTC","a":4126424,"T":1596573973474,"e":"aggTrade","p":"0.00000154","f":6623789},{"m":false,"E":1596573973479,"l":6623790,"M":true,"q":"10036.00000000","s":"DOCKBTC","a":4126425,"T":1596573973474,"e":"aggTrade","p":"0.00000154","f":6623790},{"m":false,"E":1596573973479,"l":6623791,"M":true,"q":"10036.00000000","s":"DOCKBTC","a":4126426,"T":1596573973474,"e":"aggTrade","p":"0.00000154","f":6623791},{"m":false,"E":1596573973479,"l":6623792,"M":true,"q":"10036.00000000","s":"DOCKBTC","a":4126427,"T":1596573973474,"e":"aggTrade","p":"0.00000154","f":6623792},{"m":false,"E":1596573973479,"l":6623793,"M":true,"q":"10036.00000000","s":"DOCKBTC","a":4126428,"T":1596573973474,"e":"aggTrade","p":"0.00000154","f":6623793},{"m":false,"E":1596573973480,"l":6623795,"M":true,"q":"278732.00000000","s":"DOCKBTC","a":4126429,"T":1596573973474,"e":"aggTrade","p":"0.00000154","f":6623794},{"m":false,"E":1596573973480,"l":6623796,"M":true,"q":"9000.00000000","s":"DOCKBTC","a":4126430,"T":1596573973474,"e":"aggTrade","p":"0.00000155","f":6623796},{"m":false,"E":1596573973492,"l":6623797,"M":true,"q":"10036.00000000","s":"DOCKBTC","a":4126431,"T":1596573973485,"e":"aggTrade","p":"0.00000155","f":6623797},{"m":false,"E":1596573973538,"l":6623799,"M":true,"q":"5594.00000000","s":"DOCKBTC","a":4126432,"T":1596573973536,"e":"aggTrade","p":"0.00000155","f":6623798},{"m":true,"E":1596573973551,"l":6623800,"M":true,"q":"63000.00000000","s":"DOCKBTC","a":4126433,"T":1596573973549,"e":"aggTrade","p":"0.00000154","f":6623800},{"m":true,"E":1596573973581,"l":6623803,"M":true,"q":"16079.00000000","s":"DOCKBTC","a":4126434,"T":1596573973579,"e":"aggTrade","p":"0.00000154","f":6623801},{"m":false,"E":1596573973597,"l":6623806,"M":true,"q":"56144.00000000","s":"DOCKBTC","a":4126435,"T":1596573973596,"e":"aggTrade","p":"0.00000155","f":6623804},{"m":false,"E":1596573973609,"l":6623807,"M":true,"q":"56144.00000000","s":"DOCKBTC","a":4126436,"T":1596573973608,"e":"aggTrade","p":"0.00000155","f":6623807},{"m":true,"E":1596573973620,"l":6623808,"M":true,"q":"15382.00000000","s":"DOCKBTC","a":4126437,"T":1596573973619,"e":"aggTrade","p":"0.00000154","f":6623808},{"m":false,"E":1596573973675,"l":6623809,"M":true,"q":"7448.00000000","s":"DOCKBTC","a":4126438,"T":1596573973674,"e":"aggTrade","p":"0.00000155","f":6623809},{"m":false,"E":1596573973696,"l":6623810,"M":true,"q":"56144.00000000","s":"DOCKBTC","a":4126439,"T":1596573973695,"e":"aggTrade","p":"0.00000155","f":6623810},{"m":false,"E":1596573973810,"l":6623811,"M":true,"q":"547.00000000","s":"DOCKBTC","a":4126440,"T":1596573973809,"e":"aggTrade","p":"0.00000154","f":6623811},{"m":false,"E":1596573973813,"l":6623812,"M":true,"q":"314.00000000","s":"DOCKBTC","a":4126441,"T":1596573973812,"e":"aggTrade","p":"0.00000154","f":6623812},{"m":false,"E":1596573973814,"l":6623813,"M":true,"q":"2957.00000000","s":"DOCKBTC","a":4126442,"T":1596573973812,"e":"aggTrade","p":"0.00000154","f":6623813},{"m":false,"E":1596573973815,"l":6623814,"M":true,"q":"1783.00000000","s":"DOCKBTC","a":4126443,"T":1596573973814,"e":"aggTrade","p":"0.00000154","f":6623814},{"m":false,"E":1596573973859,"l":6623815,"M":true,"q":"338.00000000","s":"DOCKBTC","a":4126444,"T":1596573973858,"e":"aggTrade","p":"0.00000154","f":6623815},{"m":false,"E":1596573973991,"l":6623816,"M":true,"q":"189.00000000","s":"DOCKBTC","a":4126445,"T":1596573973989,"e":"aggTrade","p":"0.00000154","f":6623816},{"m":false,"E":1596573974019,"l":6623817,"M":true,"q":"7803.00000000","s":"DOCKBTC","a":4126446,"T":1596573974018,"e":"aggTrade","p":"0.00000154","f":6623817},{"m":false,"E":1596573974102,"l":6623818,"M":true,"q":"2557.00000000","s":"DOCKBTC","a":4126447,"T":1596573974100,"e":"aggTrade","p":"0.00000154","f":6623818},{"m":false,"E":1596573974113,"l":6623819,"M":true,"q":"6517.00000000","s":"DOCKBTC","a":4126448,"T":1596573974112,"e":"aggTrade","p":"0.00000154","f":6623819},{"m":false,"E":1596573974326,"l":6623820,"M":true,"q":"1630.00000000","s":"DOCKBTC","a":4126449,"T":1596573974325,"e":"aggTrade","p":"0.00000155","f":6623820},{"m":false,"E":1596573974556,"l":6623821,"M":true,"q":"516.00000000","s":"DOCKBTC","a":4126450,"T":1596573974555,"e":"aggTrade","p":"0.00000155","f":6623821},{"m":true,"E":1596573974858,"l":6623822,"M":true,"q":"19230.00000000","s":"DOCKBTC","a":4126451,"T":1596573974856,"e":"aggTrade","p":"0.00000154","f":6623822},{"m":true,"E":1596573975626,"l":6623823,"M":true,"q":"4133.00000000","s":"DOCKBTC","a":4126452,"T":1596573975625,"e":"aggTrade","p":"0.00000154","f":6623823},{"m":true,"E":1596573975727,"l":6623824,"M":true,"q":"1429.00000000","s":"DOCKBTC","a":4126453,"T":1596573975726,"e":"aggTrade","p":"0.00000154","f":6623824},{"m":true,"E":1596573975784,"l":6623825,"M":true,"q":"101.00000000","s":"DOCKBTC","a":4126454,"T":1596573975783,"e":"aggTrade","p":"0.00000154","f":6623825},{"m":false,"E":1596573975805,"l":6623826,"M":true,"q":"22.00000000","s":"DOCKBTC","a":4126455,"T":1596573975804,"e":"aggTrade","p":"0.00000155","f":6623826},{"m":true,"E":1596573975835,"l":6623827,"M":true,"q":"1429.00000000","s":"DOCKBTC","a":4126456,"T":1596573975834,"e":"aggTrade","p":"0.00000154","f":6623827},{"m":true,"E":1596573975845,"l":6623828,"M":true,"q":"50.00000000","s":"DOCKBTC","a":4126457,"T":1596573975844,"e":"aggTrade","p":"0.00000154","f":6623828},{"m":true,"E":1596573975845,"l":6623829,"M":true,"q":"1022.00000000","s":"DOCKBTC","a":4126458,"T":1596573975844,"e":"aggTrade","p":"0.00000153","f":6623829},{"m":true,"E":1596573978015,"l":6623830,"M":true,"q":"1784.00000000","s":"DOCKBTC","a":4126459,"T":1596573978014,"e":"aggTrade","p":"0.00000153","f":6623830},{"m":true,"E":1596573978025,"l":6623831,"M":true,"q":"500.00000000","s":"DOCKBTC","a":4126460,"T":1596573978024,"e":"aggTrade","p":"0.00000153","f":6623831},{"m":true,"E":1596573978249,"l":6623850,"M":true,"q":"50000.00000000","s":"DOCKBTC","a":4126461,"T":1596573978246,"e":"aggTrade","p":"0.00000153","f":6623832},{"m":true,"E":1596573980364,"l":6623851,"M":true,"q":"715.00000000","s":"DOCKBTC","a":4126462,"T":1596573980363,"e":"aggTrade","p":"0.00000153","f":6623851},{"m":true,"E":1596573980725,"l":6623852,"M":true,"q":"714.00000000","s":"DOCKBTC","a":4126463,"T":1596573980724,"e":"aggTrade","p":"0.00000153","f":6623852},{"m":true,"E":1596573982298,"l":6623854,"M":true,"q":"30865.00000000","s":"DOCKBTC","a":4126464,"T":1596573982297,"e":"aggTrade","p":"0.00000153","f":6623853},{"m":true,"E":1596573982585,"l":6623855,"M":true,"q":"800.00000000","s":"DOCKBTC","a":4126465,"T":1596573982584,"e":"aggTrade","p":"0.00000153","f":6623855},{"m":true,"E":1596573983547,"l":6623856,"M":true,"q":"2174.00000000","s":"DOCKBTC","a":4126466,"T":1596573983546,"e":"aggTrade","p":"0.00000153","f":6623856},{"m":true,"E":1596573986093,"l":6623857,"M":true,"q":"1990.00000000","s":"DOCKBTC","a":4126467,"T":1596573986092,"e":"aggTrade","p":"0.00000153","f":6623857},{"m":true,"E":1596573988433,"l":6623858,"M":true,"q":"689.00000000","s":"DOCKBTC","a":4126468,"T":1596573988432,"e":"aggTrade","p":"0.00000153","f":6623858},{"m":true,"E":1596573988894,"l":6623859,"M":true,"q":"14561.00000000","s":"DOCKBTC","a":4126469,"T":1596573988893,"e":"aggTrade","p":"0.00000153","f":6623859},{"m":true,"E":1596573990947,"l":6623860,"M":true,"q":"9199.00000000","s":"DOCKBTC","a":4126470,"T":1596573990946,"e":"aggTrade","p":"0.00000153","f":6623860},{"m":true,"E":1596573990982,"l":6623864,"M":true,"q":"34000.00000000","s":"DOCKBTC","a":4126471,"T":1596573990980,"e":"aggTrade","p":"0.00000153","f":6623861},{"m":true,"E":1596573990998,"l":6623865,"M":true,"q":"9240.00000000","s":"DOCKBTC","a":4126472,"T":1596573990997,"e":"aggTrade","p":"0.00000153","f":6623865},{"m":true,"E":1596573991017,"l":6623868,"M":true,"q":"21179.00000000","s":"DOCKBTC","a":4126473,"T":1596573991016,"e":"aggTrade","p":"0.00000152","f":6623866},{"m":true,"E":1596573991017,"l":6623869,"M":true,"q":"6394.00000000","s":"DOCKBTC","a":4126474,"T":1596573991016,"e":"aggTrade","p":"0.00000152","f":6623869},{"m":true,"E":1596573991017,"l":6623870,"M":true,"q":"5039.00000000","s":"DOCKBTC","a":4126475,"T":1596573991016,"e":"aggTrade","p":"0.00000152","f":6623870},{"m":true,"E":1596573991018,"l":6623871,"M":true,"q":"51310.00000000","s":"DOCKBTC","a":4126476,"T":1596573991016,"e":"aggTrade","p":"0.00000152","f":6623871},{"m":true,"E":1596573991018,"l":6623872,"M":true,"q":"1642.00000000","s":"DOCKBTC","a":4126477,"T":1596573991016,"e":"aggTrade","p":"0.00000152","f":6623872},{"m":true,"E":1596573991042,"l":6623886,"M":true,"q":"232429.00000000","s":"DOCKBTC","a":4126478,"T":1596573991039,"e":"aggTrade","p":"0.00000152","f":6623873},{"m":true,"E":1596573991057,"l":6623893,"M":true,"q":"35012.00000000","s":"DOCKBTC","a":4126479,"T":1596573991055,"e":"aggTrade","p":"0.00000152","f":6623887},{"m":true,"E":1596573991068,"l":6623894,"M":true,"q":"31374.00000000","s":"DOCKBTC","a":4126480,"T":1596573991067,"e":"aggTrade","p":"0.00000152","f":6623894},{"m":false,"E":1596573991081,"l":6623895,"M":true,"q":"1663.00000000","s":"DOCKBTC","a":4126481,"T":1596573991079,"e":"aggTrade","p":"0.00000152","f":6623895},{"m":false,"E":1596573991083,"l":6623900,"M":true,"q":"63556.00000000","s":"DOCKBTC","a":4126482,"T":1596573991080,"e":"aggTrade","p":"0.00000153","f":6623896},{"m":false,"E":1596573991083,"l":6623908,"M":true,"q":"165698.00000000","s":"DOCKBTC","a":4126483,"T":1596573991080,"e":"aggTrade","p":"0.00000154","f":6623901},{"m":true,"E":1596573991458,"l":6623909,"M":true,"q":"228.00000000","s":"DOCKBTC","a":4126484,"T":1596573991457,"e":"aggTrade","p":"0.00000152","f":6623909},{"m":true,"E":1596573991498,"l":6623910,"M":true,"q":"2276.00000000","s":"DOCKBTC","a":4126485,"T":1596573991496,"e":"aggTrade","p":"0.00000152","f":6623910},{"m":true,"E":1596573991767,"l":6623912,"M":true,"q":"24435.00000000","s":"DOCKBTC","a":4126486,"T":1596573991766,"e":"aggTrade","p":"0.00000152","f":6623911},{"m":true,"E":1596573991992,"l":6623913,"M":true,"q":"230.00000000","s":"DOCKBTC","a":4126487,"T":1596573991991,"e":"aggTrade","p":"0.00000152","f":6623913},{"m":true,"E":1596573992121,"l":6623914,"M":true,"q":"3008.00000000","s":"DOCKBTC","a":4126488,"T":1596573992120,"e":"aggTrade","p":"0.00000152","f":6623914},{"m":true,"E":1596573992121,"l":6623915,"M":true,"q":"661.00000000","s":"DOCKBTC","a":4126489,"T":1596573992120,"e":"aggTrade","p":"0.00000152","f":6623915},{"m":true,"E":1596573992125,"l":6623916,"M":true,"q":"661.00000000","s":"DOCKBTC","a":4126490,"T":1596573992124,"e":"aggTrade","p":"0.00000152","f":6623916},{"m":false,"E":1596573992310,"l":6623918,"M":true,"q":"56866.00000000","s":"DOCKBTC","a":4126491,"T":1596573992309,"e":"aggTrade","p":"0.00000153","f":6623917},{"m":true,"E":1596573992439,"l":6623919,"M":true,"q":"661.00000000","s":"DOCKBTC","a":4126492,"T":1596573992437,"e":"aggTrade","p":"0.00000152","f":6623919},{"m":false,"E":1596573993355,"l":6623920,"M":true,"q":"147.00000000","s":"DOCKBTC","a":4126493,"T":1596573993354,"e":"aggTrade","p":"0.00000153","f":6623920},{"m":false,"E":1596573993469,"l":6623921,"M":true,"q":"451.00000000","s":"DOCKBTC","a":4126494,"T":1596573993468,"e":"aggTrade","p":"0.00000153","f":6623921},{"m":true,"E":1596573994463,"l":6623924,"M":true,"q":"745.00000000","s":"DOCKBTC","a":4126495,"T":1596573994461,"e":"aggTrade","p":"0.00000152","f":6623922},{"m":true,"E":1596573995063,"l":6623932,"M":true,"q":"27618.00000000","s":"DOCKBTC","a":4126496,"T":1596573995061,"e":"aggTrade","p":"0.00000151","f":6623925},{"m":true,"E":1596573995063,"l":6623933,"M":true,"q":"7017.00000000","s":"DOCKBTC","a":4126497,"T":1596573995061,"e":"aggTrade","p":"0.00000151","f":6623933},{"m":true,"E":1596573995063,"l":6623934,"M":true,"q":"23591.00000000","s":"DOCKBTC","a":4126498,"T":1596573995061,"e":"aggTrade","p":"0.00000151","f":6623934},{"m":true,"E":1596573995063,"l":6623935,"M":true,"q":"800.00000000","s":"DOCKBTC","a":4126499,"T":1596573995061,"e":"aggTrade","p":"0.00000151","f":6623935},{"m":true,"E":1596573995064,"l":6623954,"M":true,"q":"419335.00000000","s":"DOCKBTC","a":4126500,"T":1596573995061,"e":"aggTrade","p":"0.00000151","f":6623936},{"m":true,"E":1596573995064,"l":6623955,"M":true,"q":"187.00000000","s":"DOCKBTC","a":4126501,"T":1596573995061,"e":"aggTrade","p":"0.00000151","f":6623955},{"m":false,"E":1596573995076,"l":6623957,"M":true,"q":"18001.00000000","s":"DOCKBTC","a":4126502,"T":1596573995076,"e":"aggTrade","p":"0.00000152","f":6623956},{"m":true,"E":1596573995111,"l":6623958,"M":true,"q":"23000.00000000","s":"DOCKBTC","a":4126503,"T":1596573995110,"e":"aggTrade","p":"0.00000152","f":6623958},{"m":true,"E":1596573995118,"l":6623959,"M":true,"q":"999.00000000","s":"DOCKBTC","a":4126504,"T":1596573995117,"e":"aggTrade","p":"0.00000152","f":6623959},{"m":true,"E":1596573995180,"l":6623966,"M":true,"q":"102907.00000000","s":"DOCKBTC","a":4126505,"T":1596573995177,"e":"aggTrade","p":"0.00000151","f":6623960},{"m":true,"E":1596573995180,"l":6623977,"M":true,"q":"44005.00000000","s":"DOCKBTC","a":4126506,"T":1596573995177,"e":"aggTrade","p":"0.00000150","f":6623967},{"m":true,"E":1596573995180,"l":6623982,"M":true,"q":"118064.00000000","s":"DOCKBTC","a":4126507,"T":1596573995177,"e":"aggTrade","p":"0.00000150","f":6623978},{"m":true,"E":1596573995180,"l":6623984,"M":true,"q":"42436.00000000","s":"DOCKBTC","a":4126508,"T":1596573995177,"e":"aggTrade","p":"0.00000150","f":6623983},{"m":true,"E":1596573995181,"l":6623985,"M":true,"q":"196.00000000","s":"DOCKBTC","a":4126509,"T":1596573995177,"e":"aggTrade","p":"0.00000150","f":6623985},{"m":true,"E":1596573995181,"l":6623986,"M":true,"q":"196.00000000","s":"DOCKBTC","a":4126510,"T":1596573995177,"e":"aggTrade","p":"0.00000150","f":6623986},{"m":true,"E":1596573995181,"l":6623987,"M":true,"q":"196.00000000","s":"DOCKBTC","a":4126511,"T":1596573995177,"e":"aggTrade","p":"0.00000150","f":6623987},{"m":true,"E":1596573995181,"l":6623988,"M":true,"q":"199.00000000","s":"DOCKBTC","a":4126512,"T":1596573995177,"e":"aggTrade","p":"0.00000150","f":6623988},{"m":true,"E":1596573995181,"l":6623989,"M":true,"q":"719.00000000","s":"DOCKBTC","a":4126513,"T":1596573995177,"e":"aggTrade","p":"0.00000150","f":6623989},{"m":true,"E":1596573995181,"l":6623990,"M":true,"q":"14210.00000000","s":"DOCKBTC","a":4126514,"T":1596573995177,"e":"aggTrade","p":"0.00000150","f":6623990},{"m":true,"E":1596573995181,"l":6623991,"M":true,"q":"1205.00000000","s":"DOCKBTC","a":4126515,"T":1596573995177,"e":"aggTrade","p":"0.00000150","f":6623991},{"m":true,"E":1596573995181,"l":6623992,"M":true,"q":"1050.00000000","s":"DOCKBTC","a":4126516,"T":1596573995177,"e":"aggTrade","p":"0.00000150","f":6623992},{"m":true,"E":1596573995181,"l":6623993,"M":true,"q":"952.00000000","s":"DOCKBTC","a":4126517,"T":1596573995177,"e":"aggTrade","p":"0.00000150","f":6623993},{"m":true,"E":1596573995181,"l":6623994,"M":true,"q":"606.00000000","s":"DOCKBTC","a":4126518,"T":1596573995177,"e":"aggTrade","p":"0.00000150","f":6623994}],[{"m":false,"E":1596574548195,"l":6624455,"M":true,"q":"2047.00000000","s":"DOCKBTC","a":4126778,"T":1596574548194,"e":"aggTrade","p":"0.00000152","f":6624455},{"m":false,"E":1596574548215,"l":6624456,"M":true,"q":"79.00000000","s":"DOCKBTC","a":4126779,"T":1596574548214,"e":"aggTrade","p":"0.00000152","f":6624456},{"m":true,"E":1596574552937,"l":6624463,"M":true,"q":"242972.00000000","s":"DOCKBTC","a":4126780,"T":1596574552936,"e":"aggTrade","p":"0.00000151","f":6624457},{"m":false,"E":1596574554544,"l":6624464,"M":true,"q":"79.00000000","s":"DOCKBTC","a":4126781,"T":1596574554543,"e":"aggTrade","p":"0.00000152","f":6624464},{"m":false,"E":1596574558255,"l":6624465,"M":true,"q":"79.00000000","s":"DOCKBTC","a":4126782,"T":1596574558254,"e":"aggTrade","p":"0.00000152","f":6624465},{"m":false,"E":1596574558391,"l":6624466,"M":true,"q":"634.00000000","s":"DOCKBTC","a":4126783,"T":1596574558390,"e":"aggTrade","p":"0.00000152","f":6624466},{"m":false,"E":1596574559113,"l":6624467,"M":true,"q":"1282.00000000","s":"DOCKBTC","a":4126784,"T":1596574559112,"e":"aggTrade","p":"0.00000152","f":6624467},{"m":false,"E":1596574562679,"l":6624468,"M":true,"q":"79.00000000","s":"DOCKBTC","a":4126785,"T":1596574562678,"e":"aggTrade","p":"0.00000152","f":6624468},{"m":true,"E":1596574563587,"l":6624471,"M":true,"q":"338634.00000000","s":"DOCKBTC","a":4126786,"T":1596574563585,"e":"aggTrade","p":"0.00000151","f":6624469},{"m":false,"E":1596574563612,"l":6624472,"M":true,"q":"19.00000000","s":"DOCKBTC","a":4126787,"T":1596574563610,"e":"aggTrade","p":"0.00000151","f":6624472},{"m":true,"E":1596574563628,"l":6624480,"M":true,"q":"96000.00000000","s":"DOCKBTC","a":4126788,"T":1596574563627,"e":"aggTrade","p":"0.00000150","f":6624473},{"m":false,"E":1596574569630,"l":6624481,"M":true,"q":"79.00000000","s":"DOCKBTC","a":4126789,"T":1596574569628,"e":"aggTrade","p":"0.00000151","f":6624481},{"m":true,"E":1596574570610,"l":6624493,"M":true,"q":"131664.00000000","s":"DOCKBTC","a":4126790,"T":1596574570609,"e":"aggTrade","p":"0.00000150","f":6624482},{"m":false,"E":1596574573098,"l":6624494,"M":true,"q":"79.00000000","s":"DOCKBTC","a":4126791,"T":1596574573097,"e":"aggTrade","p":"0.00000151","f":6624494},{"m":false,"E":1596574574876,"l":6624495,"M":true,"q":"19379.00000000","s":"DOCKBTC","a":4126792,"T":1596574574875,"e":"aggTrade","p":"0.00000151","f":6624495},{"m":true,"E":1596574577902,"l":6624496,"M":true,"q":"13310.00000000","s":"DOCKBTC","a":4126793,"T":1596574577901,"e":"aggTrade","p":"0.00000150","f":6624496},{"m":true,"E":1596574578138,"l":6624499,"M":true,"q":"2686.00000000","s":"DOCKBTC","a":4126794,"T":1596574578136,"e":"aggTrade","p":"0.00000150","f":6624497},{"m":false,"E":1596574579228,"l":6624500,"M":true,"q":"79.00000000","s":"DOCKBTC","a":4126795,"T":1596574579228,"e":"aggTrade","p":"0.00000151","f":6624500},{"m":true,"E":1596574581847,"l":6624501,"M":true,"q":"1690.00000000","s":"DOCKBTC","a":4126796,"T":1596574581846,"e":"aggTrade","p":"0.00000150","f":6624501},{"m":false,"E":1596574582948,"l":6624502,"M":true,"q":"79.00000000","s":"DOCKBTC","a":4126797,"T":1596574582947,"e":"aggTrade","p":"0.00000151","f":6624502},{"m":false,"E":1596574586676,"l":6624503,"M":true,"q":"79.00000000","s":"DOCKBTC","a":4126798,"T":1596574586675,"e":"aggTrade","p":"0.00000151","f":6624503},{"m":false,"E":1596574590008,"l":6624505,"M":true,"q":"34166.00000000","s":"DOCKBTC","a":4126799,"T":1596574590006,"e":"aggTrade","p":"0.00000151","f":6624504},{"m":false,"E":1596574593393,"l":6624506,"M":true,"q":"33113.00000000","s":"DOCKBTC","a":4126800,"T":1596574593392,"e":"aggTrade","p":"0.00000151","f":6624506},{"m":false,"E":1596574593691,"l":6624507,"M":true,"q":"79.00000000","s":"DOCKBTC","a":4126801,"T":1596574593690,"e":"aggTrade","p":"0.00000151","f":6624507},{"m":false,"E":1596574598067,"l":6624508,"M":true,"q":"79.00000000","s":"DOCKBTC","a":4126802,"T":1596574598066,"e":"aggTrade","p":"0.00000151","f":6624508},{"m":false,"E":1596574600417,"l":6624509,"M":true,"q":"2000.00000000","s":"DOCKBTC","a":4126803,"T":1596574600416,"e":"aggTrade","p":"0.00000151","f":6624509},{"m":false,"E":1596574602636,"l":6624510,"M":true,"q":"79.00000000","s":"DOCKBTC","a":4126804,"T":1596574602635,"e":"aggTrade","p":"0.00000151","f":6624510},{"m":true,"E":1596574604179,"l":6624511,"M":true,"q":"80.00000000","s":"DOCKBTC","a":4126805,"T":1596574604178,"e":"aggTrade","p":"0.00000150","f":6624511},{"m":true,"E":1596574604293,"l":6624512,"M":true,"q":"80.00000000","s":"DOCKBTC","a":4126806,"T":1596574604292,"e":"aggTrade","p":"0.00000150","f":6624512},{"m":true,"E":1596574604333,"l":6624513,"M":true,"q":"80.00000000","s":"DOCKBTC","a":4126807,"T":1596574604332,"e":"aggTrade","p":"0.00000150","f":6624513},{"m":true,"E":1596574604600,"l":6624514,"M":true,"q":"80.00000000","s":"DOCKBTC","a":4126808,"T":1596574604599,"e":"aggTrade","p":"0.00000150","f":6624514},{"m":true,"E":1596574604788,"l":6624515,"M":true,"q":"80.00000000","s":"DOCKBTC","a":4126809,"T":1596574604788,"e":"aggTrade","p":"0.00000150","f":6624515},{"m":true,"E":1596574604852,"l":6624516,"M":true,"q":"9099.00000000","s":"DOCKBTC","a":4126810,"T":1596574604852,"e":"aggTrade","p":"0.00000150","f":6624516},{"m":true,"E":1596574604854,"l":6624523,"M":true,"q":"291445.00000000","s":"DOCKBTC","a":4126811,"T":1596574604852,"e":"aggTrade","p":"0.00000150","f":6624517},{"m":false,"E":1596574604957,"l":6624524,"M":true,"q":"23920.00000000","s":"DOCKBTC","a":4126812,"T":1596574604956,"e":"aggTrade","p":"0.00000150","f":6624524},{"m":true,"E":1596574605880,"l":6624525,"M":true,"q":"5015.00000000","s":"DOCKBTC","a":4126813,"T":1596574605879,"e":"aggTrade","p":"0.00000149","f":6624525},{"m":true,"E":1596574605882,"l":6624539,"M":true,"q":"6666.00000000","s":"DOCKBTC","a":4126814,"T":1596574605879,"e":"aggTrade","p":"0.00000149","f":6624526},{"m":true,"E":1596574605882,"l":6624541,"M":true,"q":"71943.00000000","s":"DOCKBTC","a":4126815,"T":1596574605879,"e":"aggTrade","p":"0.00000149","f":6624540},{"m":true,"E":1596574605882,"l":6624542,"M":true,"q":"2638.00000000","s":"DOCKBTC","a":4126816,"T":1596574605879,"e":"aggTrade","p":"0.00000149","f":6624542},{"m":true,"E":1596574605882,"l":6624543,"M":true,"q":"4250.00000000","s":"DOCKBTC","a":4126817,"T":1596574605879,"e":"aggTrade","p":"0.00000149","f":6624543},{"m":true,"E":1596574605883,"l":6624547,"M":true,"q":"58770.00000000","s":"DOCKBTC","a":4126818,"T":1596574605879,"e":"aggTrade","p":"0.00000149","f":6624544},{"m":true,"E":1596574605883,"l":6624548,"M":true,"q":"60770.00000000","s":"DOCKBTC","a":4126819,"T":1596574605879,"e":"aggTrade","p":"0.00000149","f":6624548},{"m":true,"E":1596574605883,"l":6624549,"M":true,"q":"3044.00000000","s":"DOCKBTC","a":4126820,"T":1596574605879,"e":"aggTrade","p":"0.00000149","f":6624549},{"m":true,"E":1596574605883,"l":6624556,"M":true,"q":"41937.00000000","s":"DOCKBTC","a":4126821,"T":1596574605879,"e":"aggTrade","p":"0.00000149","f":6624550},{"m":false,"E":1596574607530,"l":6624559,"M":true,"q":"42875.00000000","s":"DOCKBTC","a":4126822,"T":1596574607529,"e":"aggTrade","p":"0.00000150","f":6624557},{"m":false,"E":1596574610446,"l":6624560,"M":true,"q":"79.00000000","s":"DOCKBTC","a":4126823,"T":1596574610445,"e":"aggTrade","p":"0.00000150","f":6624560},{"m":false,"E":1596574610878,"l":6624561,"M":true,"q":"1057.00000000","s":"DOCKBTC","a":4126824,"T":1596574610877,"e":"aggTrade","p":"0.00000150","f":6624561},{"m":true,"E":1596574611003,"l":6624562,"M":true,"q":"1652.00000000","s":"DOCKBTC","a":4126825,"T":1596574611002,"e":"aggTrade","p":"0.00000149","f":6624562},{"m":false,"E":1596574612566,"l":6624563,"M":true,"q":"9824.00000000","s":"DOCKBTC","a":4126826,"T":1596574612565,"e":"aggTrade","p":"0.00000150","f":6624563},{"m":false,"E":1596574614058,"l":6624564,"M":true,"q":"79.00000000","s":"DOCKBTC","a":4126827,"T":1596574614057,"e":"aggTrade","p":"0.00000150","f":6624564},{"m":false,"E":1596574617743,"l":6624565,"M":true,"q":"79.00000000","s":"DOCKBTC","a":4126828,"T":1596574617742,"e":"aggTrade","p":"0.00000150","f":6624565},{"m":false,"E":1596574618390,"l":6624566,"M":true,"q":"2055.00000000","s":"DOCKBTC","a":4126829,"T":1596574618389,"e":"aggTrade","p":"0.00000150","f":6624566},{"m":false,"E":1596574624077,"l":6624567,"M":true,"q":"79.00000000","s":"DOCKBTC","a":4126830,"T":1596574624076,"e":"aggTrade","p":"0.00000150","f":6624567},{"m":false,"E":1596574625546,"l":6624569,"M":true,"q":"10000.00000000","s":"DOCKBTC","a":4126831,"T":1596574625544,"e":"aggTrade","p":"0.00000150","f":6624568},{"m":false,"E":1596574628465,"l":6624570,"M":true,"q":"79.00000000","s":"DOCKBTC","a":4126832,"T":1596574628464,"e":"aggTrade","p":"0.00000150","f":6624570},{"m":false,"E":1596574632214,"l":6624571,"M":true,"q":"79.00000000","s":"DOCKBTC","a":4126833,"T":1596574632213,"e":"aggTrade","p":"0.00000150","f":6624571},{"m":false,"E":1596574633202,"l":6624572,"M":true,"q":"17872.00000000","s":"DOCKBTC","a":4126834,"T":1596574633201,"e":"aggTrade","p":"0.00000150","f":6624572},{"m":true,"E":1596574638455,"l":6624573,"M":true,"q":"7322.00000000","s":"DOCKBTC","a":4126835,"T":1596574638453,"e":"aggTrade","p":"0.00000149","f":6624573},{"m":false,"E":1596574638963,"l":6624574,"M":true,"q":"79.00000000","s":"DOCKBTC","a":4126836,"T":1596574638961,"e":"aggTrade","p":"0.00000150","f":6624574},{"m":false,"E":1596574640220,"l":6624575,"M":true,"q":"17343.00000000","s":"DOCKBTC","a":4126837,"T":1596574640219,"e":"aggTrade","p":"0.00000150","f":6624575},{"m":false,"E":1596574641146,"l":6624576,"M":true,"q":"6639.00000000","s":"DOCKBTC","a":4126838,"T":1596574641145,"e":"aggTrade","p":"0.00000150","f":6624576},{"m":false,"E":1596574643471,"l":6624577,"M":true,"q":"79.00000000","s":"DOCKBTC","a":4126839,"T":1596574643470,"e":"aggTrade","p":"0.00000150","f":6624577},{"m":false,"E":1596574648491,"l":6624578,"M":true,"q":"79.00000000","s":"DOCKBTC","a":4126840,"T":1596574648490,"e":"aggTrade","p":"0.00000150","f":6624578},{"m":false,"E":1596574655314,"l":6624595,"M":true,"q":"409451.00000000","s":"DOCKBTC","a":4126841,"T":1596574655311,"e":"aggTrade","p":"0.00000150","f":6624579},{"m":true,"E":1596574655363,"l":6624596,"M":true,"q":"272.00000000","s":"DOCKBTC","a":4126842,"T":1596574655362,"e":"aggTrade","p":"0.00000150","f":6624596},{"m":true,"E":1596574660881,"l":6624597,"M":true,"q":"2701.00000000","s":"DOCKBTC","a":4126843,"T":1596574660880,"e":"aggTrade","p":"0.00000150","f":6624597}],[{"m":true,"E":1596576131148,"l":6625002,"M":true,"q":"191881.00000000","s":"DOCKBTC","a":4127034,"T":1596576131147,"e":"aggTrade","p":"0.00000155","f":6624998},{"m":false,"E":1596576147212,"l":6625004,"M":true,"q":"24166.00000000","s":"DOCKBTC","a":4127035,"T":1596576147211,"e":"aggTrade","p":"0.00000156","f":6625003},{"m":true,"E":1596576149651,"l":6625006,"M":true,"q":"8981.00000000","s":"DOCKBTC","a":4127036,"T":1596576149650,"e":"aggTrade","p":"0.00000155","f":6625005},{"m":true,"E":1596576153586,"l":6625007,"M":true,"q":"1556.00000000","s":"DOCKBTC","a":4127037,"T":1596576153585,"e":"aggTrade","p":"0.00000155","f":6625007},{"m":false,"E":1596576156815,"l":6625014,"M":true,"q":"238306.00000000","s":"DOCKBTC","a":4127038,"T":1596576156813,"e":"aggTrade","p":"0.00000156","f":6625008},{"m":false,"E":1596576156833,"l":6625017,"M":true,"q":"15382.00000000","s":"DOCKBTC","a":4127039,"T":1596576156832,"e":"aggTrade","p":"0.00000156","f":6625015},{"m":false,"E":1596576157821,"l":6625018,"M":true,"q":"235.00000000","s":"DOCKBTC","a":4127040,"T":1596576157820,"e":"aggTrade","p":"0.00000156","f":6625018},{"m":true,"E":1596576157833,"l":6625019,"M":true,"q":"4367.00000000","s":"DOCKBTC","a":4127041,"T":1596576157832,"e":"aggTrade","p":"0.00000156","f":6625019},{"m":true,"E":1596576157835,"l":6625020,"M":true,"q":"9750.00000000","s":"DOCKBTC","a":4127042,"T":1596576157834,"e":"aggTrade","p":"0.00000156","f":6625020},{"m":true,"E":1596576157840,"l":6625021,"M":true,"q":"5648.00000000","s":"DOCKBTC","a":4127043,"T":1596576157839,"e":"aggTrade","p":"0.00000156","f":6625021},{"m":false,"E":1596576162521,"l":6625022,"M":true,"q":"3499.00000000","s":"DOCKBTC","a":4127044,"T":1596576162520,"e":"aggTrade","p":"0.00000156","f":6625022},{"m":false,"E":1596576165552,"l":6625023,"M":true,"q":"3933.00000000","s":"DOCKBTC","a":4127045,"T":1596576165551,"e":"aggTrade","p":"0.00000156","f":6625023},{"m":true,"E":1596576167618,"l":6625024,"M":true,"q":"7438.00000000","s":"DOCKBTC","a":4127046,"T":1596576167616,"e":"aggTrade","p":"0.00000156","f":6625024},{"m":false,"E":1596576175071,"l":6625025,"M":true,"q":"7944.00000000","s":"DOCKBTC","a":4127047,"T":1596576175070,"e":"aggTrade","p":"0.00000156","f":6625025},{"m":true,"E":1596576178000,"l":6625026,"M":true,"q":"6114.00000000","s":"DOCKBTC","a":4127048,"T":1596576177999,"e":"aggTrade","p":"0.00000156","f":6625026},{"m":true,"E":1596576178002,"l":6625027,"M":true,"q":"5921.00000000","s":"DOCKBTC","a":4127049,"T":1596576178001,"e":"aggTrade","p":"0.00000156","f":6625027},{"m":false,"E":1596576211621,"l":6625028,"M":true,"q":"7438.00000000","s":"DOCKBTC","a":4127050,"T":1596576211620,"e":"aggTrade","p":"0.00000156","f":6625028},{"m":true,"E":1596576211641,"l":6625029,"M":true,"q":"14902.00000000","s":"DOCKBTC","a":4127051,"T":1596576211640,"e":"aggTrade","p":"0.00000156","f":6625029},{"m":true,"E":1596576211641,"l":6625030,"M":true,"q":"7356.00000000","s":"DOCKBTC","a":4127052,"T":1596576211640,"e":"aggTrade","p":"0.00000156","f":6625030},{"m":true,"E":1596576213377,"l":6625031,"M":true,"q":"1396.00000000","s":"DOCKBTC","a":4127053,"T":1596576213376,"e":"aggTrade","p":"0.00000156","f":6625031},{"m":true,"E":1596576213507,"l":6625032,"M":true,"q":"3408.00000000","s":"DOCKBTC","a":4127054,"T":1596576213506,"e":"aggTrade","p":"0.00000156","f":6625032},{"m":false,"E":1596576215148,"l":6625033,"M":true,"q":"255.00000000","s":"DOCKBTC","a":4127055,"T":1596576215147,"e":"aggTrade","p":"0.00000157","f":6625033},{"m":false,"E":1596576215148,"l":6625034,"M":true,"q":"28662.00000000","s":"DOCKBTC","a":4127056,"T":1596576215147,"e":"aggTrade","p":"0.00000157","f":6625034},{"m":true,"E":1596576220843,"l":6625035,"M":true,"q":"2049.00000000","s":"DOCKBTC","a":4127057,"T":1596576220842,"e":"aggTrade","p":"0.00000156","f":6625035},{"m":false,"E":1596576230776,"l":6625036,"M":true,"q":"13269.00000000","s":"DOCKBTC","a":4127058,"T":1596576230775,"e":"aggTrade","p":"0.00000157","f":6625036},{"m":true,"E":1596576233142,"l":6625037,"M":true,"q":"8529.00000000","s":"DOCKBTC","a":4127059,"T":1596576233141,"e":"aggTrade","p":"0.00000156","f":6625037}],[{"m":true,"E":1596582460973,"l":6626508,"M":true,"q":"5822.00000000","s":"DOCKBTC","a":4127732,"T":1596582460972,"e":"aggTrade","p":"0.00000148","f":6626507},{"m":true,"E":1596582486087,"l":6626515,"M":true,"q":"378646.00000000","s":"DOCKBTC","a":4127733,"T":1596582486085,"e":"aggTrade","p":"0.00000148","f":6626509},{"m":false,"E":1596582486229,"l":6626516,"M":true,"q":"156.00000000","s":"DOCKBTC","a":4127734,"T":1596582486227,"e":"aggTrade","p":"0.00000148","f":6626516},{"m":false,"E":1596582486428,"l":6626517,"M":true,"q":"156.00000000","s":"DOCKBTC","a":4127735,"T":1596582486427,"e":"aggTrade","p":"0.00000148","f":6626517},{"m":false,"E":1596582486964,"l":6626518,"M":true,"q":"4188.00000000","s":"DOCKBTC","a":4127736,"T":1596582486963,"e":"aggTrade","p":"0.00000148","f":6626518},{"m":false,"E":1596582493828,"l":6626519,"M":true,"q":"19921.00000000","s":"DOCKBTC","a":4127737,"T":1596582493827,"e":"aggTrade","p":"0.00000148","f":6626519},{"m":false,"E":1596582495230,"l":6626520,"M":true,"q":"4224.00000000","s":"DOCKBTC","a":4127738,"T":1596582495229,"e":"aggTrade","p":"0.00000148","f":6626520},{"m":false,"E":1596582537704,"l":6626521,"M":true,"q":"38619.00000000","s":"DOCKBTC","a":4127739,"T":1596582537704,"e":"aggTrade","p":"0.00000148","f":6626521}],[{"m":false,"E":1596590089884,"l":6627301,"M":true,"q":"126696.00000000","s":"DOCKBTC","a":4128132,"T":1596590089883,"e":"aggTrade","p":"0.00000154","f":6627301},{"m":false,"E":1596590090412,"l":6627302,"M":true,"q":"32154.00000000","s":"DOCKBTC","a":4128133,"T":1596590090411,"e":"aggTrade","p":"0.00000154","f":6627302},{"m":false,"E":1596590090516,"l":6627304,"M":true,"q":"19702.00000000","s":"DOCKBTC","a":4128134,"T":1596590090514,"e":"aggTrade","p":"0.00000154","f":6627303},{"m":false,"E":1596590091057,"l":6627306,"M":true,"q":"9942.00000000","s":"DOCKBTC","a":4128135,"T":1596590091056,"e":"aggTrade","p":"0.00000154","f":6627305},{"m":false,"E":1596590105148,"l":6627308,"M":true,"q":"4388.00000000","s":"DOCKBTC","a":4128136,"T":1596590105147,"e":"aggTrade","p":"0.00000154","f":6627307}]]},{"peak":"-14.48707909|2070,7.83085356|1890,-4.02921179|930,5.26315789|1230,-4.18743769|900,3.68893320|1320,-7.49354005|450,3.79844961|30,-3.98653896|660,4.78902407|1860,-30.37037037|6330,6.57004831|180,-13.12820513|480,5.05982906|210,-3.92289483|240,5.61379777|480,-4.76350218|360,12.64676283|1050,-8.60284605|540,5.14230272|630,-10.57823129|3270,5.64625850|2973,-4.82618967|297,4.45494431|1446,-3.37341349|94,-3.58099063|293,6.35876841|242","transactionList":[{},{},{},{},{},{},{},{},{},{},{},{},{},{},{},{},{},{},{},{},{},{},{},{},{},[{"m":false,"E":1596576504029,"l":3846814,"M":true,"q":"966.00000000","s":"ONGBTC","a":2851488,"T":1596576504028,"e":"aggTrade","p":"0.00001493","f":3846814},{"m":true,"E":1596576531658,"l":3846817,"M":true,"q":"462.00000000","s":"ONGBTC","a":2851489,"T":1596576531656,"e":"aggTrade","p":"0.00001492","f":3846815},{"m":true,"E":1596576531666,"l":3846822,"M":true,"q":"1795.00000000","s":"ONGBTC","a":2851490,"T":1596576531664,"e":"aggTrade","p":"0.00001492","f":3846818},{"m":true,"E":1596576550979,"l":3846823,"M":true,"q":"400.00000000","s":"ONGBTC","a":2851491,"T":1596576550978,"e":"aggTrade","p":"0.00001492","f":3846823},{"m":true,"E":1596576556793,"l":3846824,"M":true,"q":"1286.00000000","s":"ONGBTC","a":2851492,"T":1596576556792,"e":"aggTrade","p":"0.00001492","f":3846824},{"m":true,"E":1596576558998,"l":3846825,"M":true,"q":"884.00000000","s":"ONGBTC","a":2851493,"T":1596576558996,"e":"aggTrade","p":"0.00001492","f":3846825},{"m":true,"E":1596576560104,"l":3846826,"M":true,"q":"613.00000000","s":"ONGBTC","a":2851494,"T":1596576560103,"e":"aggTrade","p":"0.00001492","f":3846826},{"m":true,"E":1596576561903,"l":3846827,"M":true,"q":"423.00000000","s":"ONGBTC","a":2851495,"T":1596576561902,"e":"aggTrade","p":"0.00001492","f":3846827},{"m":true,"E":1596576564504,"l":3846829,"M":true,"q":"290.00000000","s":"ONGBTC","a":2851496,"T":1596576564503,"e":"aggTrade","p":"0.00001492","f":3846828},{"m":true,"E":1596576566600,"l":3846830,"M":true,"q":"199.00000000","s":"ONGBTC","a":2851497,"T":1596576566599,"e":"aggTrade","p":"0.00001492","f":3846830}],[{"m":false,"E":1596591128966,"l":3848373,"M":true,"q":"7.00000000","s":"ONGBTC","a":2852484,"T":1596591128965,"e":"aggTrade","p":"0.00001590","f":3848373},{"m":false,"E":1596591128966,"l":3848374,"M":true,"q":"6.00000000","s":"ONGBTC","a":2852485,"T":1596591128965,"e":"aggTrade","p":"0.00001591","f":3848374},{"m":true,"E":1596591138102,"l":3848375,"M":true,"q":"12.00000000","s":"ONGBTC","a":2852486,"T":1596591138101,"e":"aggTrade","p":"0.00001586","f":3848375},{"m":true,"E":1596591138102,"l":3848377,"M":true,"q":"2379.00000000","s":"ONGBTC","a":2852487,"T":1596591138101,"e":"aggTrade","p":"0.00001584","f":3848376},{"m":true,"E":1596591138159,"l":3848378,"M":true,"q":"26.00000000","s":"ONGBTC","a":2852488,"T":1596591138158,"e":"aggTrade","p":"0.00001584","f":3848378},{"m":true,"E":1596591138168,"l":3848379,"M":true,"q":"5759.00000000","s":"ONGBTC","a":2852489,"T":1596591138167,"e":"aggTrade","p":"0.00001584","f":3848379},{"m":true,"E":1596591138240,"l":3848380,"M":true,"q":"7.00000000","s":"ONGBTC","a":2852490,"T":1596591138239,"e":"aggTrade","p":"0.00001583","f":3848380},{"m":true,"E":1596591138256,"l":3848382,"M":true,"q":"26.00000000","s":"ONGBTC","a":2852491,"T":1596591138255,"e":"aggTrade","p":"0.00001583","f":3848381},{"m":true,"E":1596591139320,"l":3848383,"M":true,"q":"8.00000000","s":"ONGBTC","a":2852492,"T":1596591139318,"e":"aggTrade","p":"0.00001580","f":3848383},{"m":true,"E":1596591139320,"l":3848387,"M":true,"q":"1543.00000000","s":"ONGBTC","a":2852493,"T":1596591139318,"e":"aggTrade","p":"0.00001579","f":3848384},{"m":true,"E":1596591139320,"l":3848388,"M":true,"q":"10.00000000","s":"ONGBTC","a":2852494,"T":1596591139318,"e":"aggTrade","p":"0.00001578","f":3848388},{"m":true,"E":1596591149300,"l":3848389,"M":true,"q":"485.00000000","s":"ONGBTC","a":2852495,"T":1596591149299,"e":"aggTrade","p":"0.00001579","f":3848389},{"m":true,"E":1596591153567,"l":3848390,"M":true,"q":"662.00000000","s":"ONGBTC","a":2852496,"T":1596591153565,"e":"aggTrade","p":"0.00001579","f":3848390},{"m":true,"E":1596591153567,"l":3848392,"M":true,"q":"1029.00000000","s":"ONGBTC","a":2852497,"T":1596591153565,"e":"aggTrade","p":"0.00001578","f":3848391},{"m":true,"E":1596591153567,"l":3848394,"M":true,"q":"17.00000000","s":"ONGBTC","a":2852498,"T":1596591153565,"e":"aggTrade","p":"0.00001577","f":3848393},{"m":true,"E":1596591153567,"l":3848397,"M":true,"q":"758.00000000","s":"ONGBTC","a":2852499,"T":1596591153565,"e":"aggTrade","p":"0.00001575","f":3848395},{"m":true,"E":1596591153567,"l":3848398,"M":true,"q":"334.00000000","s":"ONGBTC","a":2852500,"T":1596591153565,"e":"aggTrade","p":"0.00001574","f":3848398}]]},{"peak":"-2.02205882|150,6.25000000|1200,-6.25000000|720,10.29411765|3210,-9.89010989|4110,5.49450549|1950,-6.66666667|2520,7.96296296|2520,-6.00000000|240,10.54545455|240,-27.19665272|1470,3.97489540|930,-3.75782881|180,4.17536534|390,-10.15452539|5130,6.40176600|1170,-4.32900433|120,4.54545455|120,-3.20512821|615,4.05982906|1140,-4.95689655|228,4.09482759|1486,4.09482759|1486","transactionList":[{},{},{},{},{},{},{},{},{},{},{},{},{},{},{},{},{},{},{},{},{},{},[{"m":false,"l":7359757,"M":true,"q":"161229.00000000","a":5740718,"T":1596561488370,"p":"0.00000241","f":7359745},{"m":false,"l":7359764,"M":true,"q":"45486.00000000","a":5740719,"T":1596561490529,"p":"0.00000241","f":7359758},{"m":false,"l":7359765,"M":true,"q":"8086.00000000","a":5740720,"T":1596561490543,"p":"0.00000241","f":7359765},{"m":false,"l":7359766,"M":true,"q":"17878.00000000","a":5740721,"T":1596561492649,"p":"0.00000241","f":7359766},{"m":false,"l":7359770,"M":true,"q":"7901.00000000","a":5740722,"T":1596561495089,"p":"0.00000241","f":7359767},{"m":false,"l":7359771,"M":true,"q":"83.00000000","a":5740723,"T":1596561517145,"p":"0.00000241","f":7359771},{"m":false,"l":7359772,"M":true,"q":"43.00000000","a":5740724,"T":1596561547965,"p":"0.00000241","f":7359772},{"m":false,"l":7359773,"M":true,"q":"3.00000000","a":5740725,"T":1596561547965,"p":"0.00000242","f":7359773}]]},{"peak":"-11.36363636|1350,3.63636364|60,-4.10958904|120,6.16438356|420,-4.49438202|990,7.86516854|2640,-3.89610390|630,9.95670996|1410,-5.39419087|240,3.94190871|420,-6.14406780|390,21.82203390|2070,-8.49056604|480,4.52830189|180,-11.24497992|630,4.81927711|900,-3.57142857|240,4.36507937|150,-5.62248996|570,6.42570281|960,-10.87866109|1140,5.02092050|330,-27.73536896|1530,5.34351145|90,-8.66141732|300,8.92388451|570,-5.32994924|120,6.59898477|450,-5.52763819|810,9.79899497|390,-6.84596577|390,8.31295844|1110,-17.81914894|2280,6.91489362|660,-6.06860158|510,11.60949868|1803,-8.18414322|498,6.90537084|1003,-3.20987654|130,5.43209877|281,-3.38983051|89,-3.38983051|89,4.35835351|216","transactionList":[{},{},{},{},{},{},{},{},{},{},{},{},{},{},{},{},{},{},{},{},{},{},{},{},{},{},{},{},{},{},{},{},{},{},{},{},{},{},{},{},{},[{"m":false,"l":1940259,"M":true,"q":"36032.00000000","a":1069050,"T":1596561854088,"p":"0.00000207","f":1940259},{"m":true,"l":1940269,"M":true,"q":"19146.00000000","a":1069051,"T":1596561896714,"p":"0.00000206","f":1940260},{"m":false,"l":1940270,"M":true,"q":"283.00000000","a":1069052,"T":1596561898987,"p":"0.00000207","f":1940270}],[{"m":false,"E":1596574831234,"l":1941520,"M":true,"q":"4331.00000000","s":"NKNBTC","a":1069727,"T":1596574831230,"e":"aggTrade","p":"0.00000211","f":1941520},{"m":false,"E":1596574831234,"l":1941528,"M":true,"q":"46170.00000000","s":"NKNBTC","a":1069728,"T":1596574831230,"e":"aggTrade","p":"0.00000212","f":1941521},{"m":false,"E":1596574831234,"l":1941538,"M":true,"q":"115082.00000000","s":"NKNBTC","a":1069729,"T":1596574831230,"e":"aggTrade","p":"0.00000213","f":1941529},{"m":false,"E":1596574831234,"l":1941554,"M":true,"q":"23030.00000000","s":"NKNBTC","a":1069730,"T":1596574831230,"e":"aggTrade","p":"0.00000214","f":1941539},{"m":false,"E":1596574831234,"l":1941568,"M":true,"q":"151506.00000000","s":"NKNBTC","a":1069731,"T":1596574831230,"e":"aggTrade","p":"0.00000215","f":1941555},{"m":true,"E":1596574831242,"l":1941569,"M":true,"q":"1055229.00000000","s":"NKNBTC","a":1069732,"T":1596574831239,"e":"aggTrade","p":"0.00000215","f":1941569},{"m":true,"E":1596574831274,"l":1941571,"M":true,"q":"3338.00000000","s":"NKNBTC","a":1069733,"T":1596574831272,"e":"aggTrade","p":"0.00000211","f":1941570},{"m":false,"E":1596574831325,"l":1941572,"M":true,"q":"7200.00000000","s":"NKNBTC","a":1069734,"T":1596574831323,"e":"aggTrade","p":"0.00000213","f":1941572},{"m":true,"E":1596574831336,"l":1941574,"M":true,"q":"1853.00000000","s":"NKNBTC","a":1069735,"T":1596574831335,"e":"aggTrade","p":"0.00000212","f":1941573},{"m":false,"E":1596574831367,"l":1941576,"M":true,"q":"1200.00000000","s":"NKNBTC","a":1069736,"T":1596574831366,"e":"aggTrade","p":"0.00000213","f":1941575},{"m":false,"E":1596574831368,"l":1941577,"M":true,"q":"1200.00000000","s":"NKNBTC","a":1069737,"T":1596574831366,"e":"aggTrade","p":"0.00000213","f":1941577},{"m":false,"E":1596574832031,"l":1941579,"M":true,"q":"55400.00000000","s":"NKNBTC","a":1069738,"T":1596574832030,"e":"aggTrade","p":"0.00000213","f":1941578},{"m":false,"E":1596574832984,"l":1941581,"M":true,"q":"3580.00000000","s":"NKNBTC","a":1069739,"T":1596574832982,"e":"aggTrade","p":"0.00000213","f":1941580},{"m":false,"E":1596574833396,"l":1941584,"M":true,"q":"27371.00000000","s":"NKNBTC","a":1069740,"T":1596574833395,"e":"aggTrade","p":"0.00000214","f":1941582},{"m":true,"E":1596574833731,"l":1941586,"M":true,"q":"693.00000000","s":"NKNBTC","a":1069741,"T":1596574833730,"e":"aggTrade","p":"0.00000213","f":1941585},{"m":false,"E":1596574834399,"l":1941587,"M":true,"q":"14278.00000000","s":"NKNBTC","a":1069742,"T":1596574834398,"e":"aggTrade","p":"0.00000213","f":1941587},{"m":false,"E":1596574834414,"l":1941588,"M":true,"q":"6438.00000000","s":"NKNBTC","a":1069743,"T":1596574834413,"e":"aggTrade","p":"0.00000213","f":1941588},{"m":false,"E":1596574834473,"l":1941589,"M":true,"q":"32169.00000000","s":"NKNBTC","a":1069744,"T":1596574834472,"e":"aggTrade","p":"0.00000213","f":1941589},{"m":false,"E":1596574834473,"l":1941590,"M":true,"q":"2231.00000000","s":"NKNBTC","a":1069745,"T":1596574834472,"e":"aggTrade","p":"0.00000214","f":1941590},{"m":false,"E":1596574835772,"l":1941591,"M":true,"q":"14000.00000000","s":"NKNBTC","a":1069746,"T":1596574835771,"e":"aggTrade","p":"0.00000214","f":1941591},{"m":false,"E":1596574836510,"l":1941593,"M":true,"q":"54.00000000","s":"NKNBTC","a":1069747,"T":1596574836509,"e":"aggTrade","p":"0.00000214","f":1941592},{"m":false,"E":1596574836510,"l":1941598,"M":true,"q":"33592.00000000","s":"NKNBTC","a":1069748,"T":1596574836509,"e":"aggTrade","p":"0.00000215","f":1941594},{"m":false,"E":1596574838007,"l":1941599,"M":true,"q":"117.00000000","s":"NKNBTC","a":1069749,"T":1596574838006,"e":"aggTrade","p":"0.00000214","f":1941599},{"m":false,"E":1596574838007,"l":1941600,"M":true,"q":"32879.00000000","s":"NKNBTC","a":1069750,"T":1596574838006,"e":"aggTrade","p":"0.00000215","f":1941600},{"m":false,"E":1596574839204,"l":1941601,"M":true,"q":"5856.00000000","s":"NKNBTC","a":1069751,"T":1596574839203,"e":"aggTrade","p":"0.00000215","f":1941601},{"m":false,"E":1596574839208,"l":1941604,"M":true,"q":"1464.00000000","s":"NKNBTC","a":1069752,"T":1596574839207,"e":"aggTrade","p":"0.00000215","f":1941602},{"m":false,"E":1596574839208,"l":1941610,"M":true,"q":"5878.00000000","s":"NKNBTC","a":1069753,"T":1596574839207,"e":"aggTrade","p":"0.00000216","f":1941605},{"m":true,"E":1596574839913,"l":1941613,"M":true,"q":"1184.00000000","s":"NKNBTC","a":1069754,"T":1596574839911,"e":"aggTrade","p":"0.00000214","f":1941611},{"m":true,"E":1596574841921,"l":1941614,"M":true,"q":"1485.00000000","s":"NKNBTC","a":1069755,"T":1596574841920,"e":"aggTrade","p":"0.00000214","f":1941614},{"m":false,"E":1596574849177,"l":1941617,"M":true,"q":"2600.00000000","s":"NKNBTC","a":1069756,"T":1596574849176,"e":"aggTrade","p":"0.00000215","f":1941615},{"m":false,"E":1596574856293,"l":1941618,"M":true,"q":"47.00000000","s":"NKNBTC","a":1069757,"T":1596574856291,"e":"aggTrade","p":"0.00000216","f":1941618},{"m":false,"E":1596574856964,"l":1941620,"M":true,"q":"1422.00000000","s":"NKNBTC","a":1069758,"T":1596574856963,"e":"aggTrade","p":"0.00000216","f":1941619},{"m":false,"E":1596574857052,"l":1941621,"M":true,"q":"93.00000000","s":"NKNBTC","a":1069759,"T":1596574857051,"e":"aggTrade","p":"0.00000216","f":1941621},{"m":false,"E":1596574857109,"l":1941622,"M":true,"q":"186.00000000","s":"NKNBTC","a":1069760,"T":1596574857108,"e":"aggTrade","p":"0.00000216","f":1941622},{"m":false,"E":1596574857204,"l":1941623,"M":true,"q":"695.00000000","s":"NKNBTC","a":1069761,"T":1596574857203,"e":"aggTrade","p":"0.00000216","f":1941623},{"m":false,"E":1596574857312,"l":1941630,"M":true,"q":"3704.00000000","s":"NKNBTC","a":1069762,"T":1596574857311,"e":"aggTrade","p":"0.00000216","f":1941624},{"m":false,"E":1596574857410,"l":1941632,"M":true,"q":"1389.00000000","s":"NKNBTC","a":1069763,"T":1596574857409,"e":"aggTrade","p":"0.00000216","f":1941631},{"m":false,"E":1596574857540,"l":1941633,"M":true,"q":"139.00000000","s":"NKNBTC","a":1069764,"T":1596574857539,"e":"aggTrade","p":"0.00000216","f":1941633},{"m":false,"E":1596574857639,"l":1941634,"M":true,"q":"926.00000000","s":"NKNBTC","a":1069765,"T":1596574857638,"e":"aggTrade","p":"0.00000216","f":1941634},{"m":false,"E":1596574857720,"l":1941635,"M":true,"q":"926.00000000","s":"NKNBTC","a":1069766,"T":1596574857719,"e":"aggTrade","p":"0.00000216","f":1941635},{"m":false,"E":1596574857875,"l":1941636,"M":true,"q":"139.00000000","s":"NKNBTC","a":1069767,"T":1596574857874,"e":"aggTrade","p":"0.00000216","f":1941636},{"m":false,"E":1596574857977,"l":1941637,"M":true,"q":"93.00000000","s":"NKNBTC","a":1069768,"T":1596574857976,"e":"aggTrade","p":"0.00000216","f":1941637},{"m":false,"E":1596574858281,"l":1941638,"M":true,"q":"1389.00000000","s":"NKNBTC","a":1069769,"T":1596574858280,"e":"aggTrade","p":"0.00000216","f":1941638},{"m":false,"E":1596574858298,"l":1941639,"M":true,"q":"93.00000000","s":"NKNBTC","a":1069770,"T":1596574858297,"e":"aggTrade","p":"0.00000216","f":1941639},{"m":true,"E":1596574869088,"l":1941640,"M":true,"q":"3224.00000000","s":"NKNBTC","a":1069771,"T":1596574869087,"e":"aggTrade","p":"0.00000215","f":1941640},{"m":false,"E":1596574871906,"l":1941641,"M":true,"q":"1560.00000000","s":"NKNBTC","a":1069772,"T":1596574871905,"e":"aggTrade","p":"0.00000216","f":1941641},{"m":true,"E":1596574876806,"l":1941642,"M":true,"q":"544.00000000","s":"NKNBTC","a":1069773,"T":1596574876805,"e":"aggTrade","p":"0.00000215","f":1941642},{"m":false,"E":1596574877037,"l":1941643,"M":true,"q":"1661.00000000","s":"NKNBTC","a":1069774,"T":1596574877036,"e":"aggTrade","p":"0.00000216","f":1941643},{"m":true,"E":1596574880837,"l":1941645,"M":true,"q":"3247.00000000","s":"NKNBTC","a":1069775,"T":1596574880835,"e":"aggTrade","p":"0.00000215","f":1941644},{"m":true,"E":1596574887193,"l":1941652,"M":true,"q":"3314.00000000","s":"NKNBTC","a":1069776,"T":1596574887191,"e":"aggTrade","p":"0.00000215","f":1941646},{"m":true,"E":1596574890733,"l":1941653,"M":true,"q":"47.00000000","s":"NKNBTC","a":1069777,"T":1596574890732,"e":"aggTrade","p":"0.00000215","f":1941653},{"m":true,"E":1596574892512,"l":1941661,"M":true,"q":"3155.00000000","s":"NKNBTC","a":1069778,"T":1596574892510,"e":"aggTrade","p":"0.00000215","f":1941654},{"m":true,"E":1596574893534,"l":1941663,"M":true,"q":"95.00000000","s":"NKNBTC","a":1069779,"T":1596574893533,"e":"aggTrade","p":"0.00000214","f":1941662},{"m":true,"E":1596574895612,"l":1941666,"M":true,"q":"1429.00000000","s":"NKNBTC","a":1069780,"T":1596574895611,"e":"aggTrade","p":"0.00000214","f":1941664}]]},{"peak":"35.94836147|390,-12.12121212|210,15.64291564|390,-7.45814307|150,9.43683409|210,-15.04000000|330,11.12000000|90,-13.94585726|570,5.74241181|120,-4.62662338|240,10.55194805|420,-3.81097561|120,7.01219512|870,-8.41698842|390,3.39768340|540,-13.09121622|1920,43.91891892|1140,-4.22018349|60,20.12232416|60,-15.59741024|210,6.12124779|60,-9.47176685|150,9.10746812|90,-6.77361854|270,17.94414736|90,-15.74344023|240,15.10204082|90,-28.68318123|210,4.82398957|510,-5.16677567|210,6.27861347|390,-3.10913706|30,5.13959391|90,-12.87465940|810,14.30517711|450,-5.26976161|90,8.15558344|120,-16.56524679|480,11.15618661|300,-6.33893920|120,11.19016818|690,-5.84975369|300,6.52709360|150,-26.73992674|2130,6.08058608|240,-5.38573508|90,3.12954876|240,-15.76797386|480,4.08496732|30,-28.29808661|750,10.47331319|150,-12.86008230|330,42.59259259|420,-10.61452514|300,3.91061453|30,-6.37254902|60,3.92156863|60,-3.41463415|60,8.29268293|90,-3.65758755|30,15.48638132|240,-5.84878745|60,3.35235378|150,-4.39481268|120,9.36599424|120,-13.03052867|360,7.29709605|120,-7.61762509|480,14.93651979|480,-5.33880903|180,22.51882272|270,-7.76640578|180,4.93678507|60,-6.02189781|90,3.28467153|90,-3.09653916|60,7.83242259|360,-18.08510638|750,8.64361702|210,-4.34227331|120,10.15325670|270,-9.52380952|210,26.47619048|720,-6.75241158|120,5.25187567|270,-9.29326656|270,11.63049527|120,-3.24240865|210,15.59444159|270,-7.46411483|210,3.92344498|24,-3.67541766|54,7.20763723|57,-4.41655044|78,3.44026034|33,-5.00235960|117,9.62718263|198,-4.78123590|36,15.15561570|162,-7.63069140|63,12.39460371|159,-4.42616530|36,3.29024677|24,-7.15156440|69,5.56684275|87,-9.62025316|144,7.00421941|108,-3.29938900|183,4.15478615|63,-6.32016632|156,16.04989605|234,-4.33644860|71,3.77570093|12,-7.14010035|169,3.51215747|173,-20.32301480|179,5.38358008|46,-4.44642063|114,4.49088484|90,4.49088484|90,-9.25151093|616","transactionList":[{},{},{},{},{},{},{},{},{},{},{},{},{},{},{},{},{},{},{},{},{},{},{},{},{},{},{},{},{},{},{},{},{},{},{},{},{},{},{},{},{},{},{},{},{},{},{},{},{},{},{},{},{},{},{},{},{},{},{},{},{},{},{},{},{},{},{},{},{},{},{},{},{},{},{},{},{},{},{},{},{},{},{},{},{},{},{},{},{},{},{},{},{},{},{},{},{},{},{},{},{},{},{},{},{},{},{},{},{},{},{},{},{},{},{},{},{},{},{},[{"m":false,"l":6859780,"M":true,"q":"10.00000000","a":5147694,"T":1596567481879,"p":"0.00001170","f":6859780},{"m":false,"l":6859783,"M":true,"q":"14941.00000000","a":5147695,"T":1596567481879,"p":"0.00001171","f":6859781},{"m":false,"l":6859784,"M":true,"q":"561.00000000","a":5147696,"T":1596567482097,"p":"0.00001172","f":6859784},{"m":true,"l":6859785,"M":true,"q":"2730.00000000","a":5147697,"T":1596567482114,"p":"0.00001172","f":6859785},{"m":true,"l":6859786,"M":true,"q":"13049.00000000","a":5147698,"T":1596567482114,"p":"0.00001171","f":6859786},{"m":true,"l":6859787,"M":true,"q":"7499.00000000","a":5147699,"T":1596567482527,"p":"0.00001167","f":6859787},{"m":false,"l":6859788,"M":true,"q":"735.00000000","a":5147700,"T":1596567483425,"p":"0.00001172","f":6859788},{"m":false,"l":6859789,"M":true,"q":"3291.00000000","a":5147701,"T":1596567487273,"p":"0.00001171","f":6859789},{"m":false,"l":6859794,"M":true,"q":"531.00000000","a":5147702,"T":1596567487380,"p":"0.00001173","f":6859790},{"m":false,"l":6859795,"M":true,"q":"3.00000000","a":5147703,"T":1596567488201,"p":"0.00001174","f":6859795},{"m":false,"l":6859799,"M":true,"q":"80.00000000","a":5147704,"T":1596567490463,"p":"0.00001174","f":6859796},{"m":true,"l":6859800,"M":true,"q":"30.00000000","a":5147705,"T":1596567490535,"p":"0.00001171","f":6859800},{"m":false,"l":6859801,"M":true,"q":"3.00000000","a":5147706,"T":1596567491752,"p":"0.00001174","f":6859801},{"m":false,"l":6859810,"M":true,"q":"138.00000000","a":5147707,"T":1596567494270,"p":"0.00001174","f":6859802},{"m":true,"l":6859811,"M":true,"q":"54.00000000","a":5147708,"T":1596567499208,"p":"0.00001172","f":6859811},{"m":true,"l":6859812,"M":true,"q":"54.00000000","a":5147709,"T":1596567499313,"p":"0.00001172","f":6859812},{"m":true,"l":6859813,"M":true,"q":"2091.00000000","a":5147710,"T":1596567499348,"p":"0.00001172","f":6859813},{"m":true,"l":6859814,"M":true,"q":"362.00000000","a":5147711,"T":1596567501150,"p":"0.00001171","f":6859814},{"m":true,"l":6859815,"M":true,"q":"313.00000000","a":5147712,"T":1596567501359,"p":"0.00001171","f":6859815},{"m":true,"l":6859816,"M":true,"q":"34015.00000000","a":5147713,"T":1596567501407,"p":"0.00001171","f":6859816},{"m":true,"l":6859817,"M":true,"q":"1603.00000000","a":5147714,"T":1596567501527,"p":"0.00001171","f":6859817},{"m":false,"l":6859818,"M":true,"q":"162.00000000","a":5147715,"T":1596567502875,"p":"0.00001172","f":6859818},{"m":true,"l":6859819,"M":true,"q":"274.00000000","a":5147716,"T":1596567504167,"p":"0.00001171","f":6859819},{"m":false,"l":6859820,"M":true,"q":"107.00000000","a":5147717,"T":1596567504369,"p":"0.00001172","f":6859820},{"m":true,"l":6859821,"M":true,"q":"340.00000000","a":5147718,"T":1596567504377,"p":"0.00001171","f":6859821},{"m":true,"l":6859822,"M":true,"q":"2924.00000000","a":5147719,"T":1596567505745,"p":"0.00001171","f":6859822},{"m":true,"l":6859823,"M":true,"q":"1603.00000000","a":5147720,"T":1596567505771,"p":"0.00001171","f":6859823},{"m":true,"l":6859825,"M":true,"q":"1255.00000000","a":5147721,"T":1596567505784,"p":"0.00001171","f":6859824},{"m":false,"l":6859826,"M":true,"q":"1498.00000000","a":5147722,"T":1596567510592,"p":"0.00001171","f":6859826},{"m":true,"l":6859827,"M":true,"q":"1009.00000000","a":5147723,"T":1596567515292,"p":"0.00001171","f":6859827},{"m":true,"l":6859828,"M":true,"q":"393.00000000","a":5147724,"T":1596567515406,"p":"0.00001171","f":6859828},{"m":true,"l":6859829,"M":true,"q":"1034.00000000","a":5147725,"T":1596567515618,"p":"0.00001171","f":6859829},{"m":true,"l":6859830,"M":true,"q":"1119.00000000","a":5147726,"T":1596567515717,"p":"0.00001171","f":6859830},{"m":true,"l":6859831,"M":true,"q":"915.00000000","a":5147727,"T":1596567515828,"p":"0.00001171","f":6859831},{"m":true,"l":6859832,"M":true,"q":"1088.00000000","a":5147728,"T":1596567527054,"p":"0.00001171","f":6859832},{"m":false,"l":6859833,"M":true,"q":"131.00000000","a":5147729,"T":1596567528217,"p":"0.00001172","f":6859833},{"m":true,"l":6859834,"M":true,"q":"3780.00000000","a":5147730,"T":1596567528917,"p":"0.00001171","f":6859834},{"m":false,"l":6859835,"M":true,"q":"10.00000000","a":5147731,"T":1596567542896,"p":"0.00001173","f":6859835},{"m":false,"l":6859836,"M":true,"q":"20.00000000","a":5147732,"T":1596567542896,"p":"0.00001174","f":6859836},{"m":false,"l":6859837,"M":true,"q":"94.00000000","a":5147733,"T":1596567544021,"p":"0.00001174","f":6859837},{"m":false,"l":6859838,"M":true,"q":"9.00000000","a":5147734,"T":1596567550106,"p":"0.00001174","f":6859838},{"m":false,"l":6859839,"M":true,"q":"3.00000000","a":5147735,"T":1596567550529,"p":"0.00001174","f":6859839},{"m":false,"l":6859840,"M":true,"q":"3.00000000","a":5147736,"T":1596567551345,"p":"0.00001174","f":6859840},{"m":false,"l":6859841,"M":true,"q":"1819.00000000","a":5147737,"T":1596567553552,"p":"0.00001173","f":6859841},{"m":false,"l":6859842,"M":true,"q":"557.00000000","a":5147738,"T":1596567553552,"p":"0.00001174","f":6859842},{"m":true,"l":6859843,"M":true,"q":"34.00000000","a":5147739,"T":1596567553599,"p":"0.00001174","f":6859843},{"m":true,"l":6859844,"M":true,"q":"82.00000000","a":5147740,"T":1596567553686,"p":"0.00001174","f":6859844},{"m":false,"l":6859849,"M":true,"q":"582.00000000","a":5147741,"T":1596567559025,"p":"0.00001175","f":6859845},{"m":false,"l":6859850,"M":true,"q":"29.00000000","a":5147742,"T":1596567560039,"p":"0.00001175","f":6859850},{"m":false,"l":6859851,"M":true,"q":"8481.00000000","a":5147743,"T":1596567560395,"p":"0.00001175","f":6859851},{"m":false,"l":6859860,"M":true,"q":"16962.00000000","a":5147744,"T":1596567560648,"p":"0.00001175","f":6859852},{"m":false,"l":6859863,"M":true,"q":"16948.00000000","a":5147745,"T":1596567562160,"p":"0.00001175","f":6859861},{"m":false,"l":6859868,"M":true,"q":"16933.00000000","a":5147746,"T":1596567565730,"p":"0.00001175","f":6859864},{"m":false,"l":6859878,"M":true,"q":"36449.00000000","a":5147747,"T":1596567566005,"p":"0.00001175","f":6859869},{"m":false,"l":6859885,"M":true,"q":"1825.00000000","a":5147748,"T":1596567566496,"p":"0.00001176","f":6859879},{"m":false,"l":6859886,"M":true,"q":"4274.00000000","a":5147749,"T":1596567567954,"p":"0.00001177","f":6859886},{"m":true,"l":6859887,"M":true,"q":"2482.00000000","a":5147750,"T":1596567568760,"p":"0.00001175","f":6859887},{"m":false,"l":6859888,"M":true,"q":"22.00000000","a":5147751,"T":1596567570728,"p":"0.00001177","f":6859888},{"m":false,"l":6859889,"M":true,"q":"4.00000000","a":5147752,"T":1596567571852,"p":"0.00001177","f":6859889},{"m":false,"l":6859890,"M":true,"q":"16.00000000","a":5147753,"T":1596567572275,"p":"0.00001177","f":6859890},{"m":false,"l":6859891,"M":true,"q":"9.00000000","a":5147754,"T":1596567574104,"p":"0.00001177","f":6859891},{"m":false,"l":6859892,"M":true,"q":"9.00000000","a":5147755,"T":1596567574265,"p":"0.00001177","f":6859892},{"m":false,"l":6859893,"M":true,"q":"9.00000000","a":5147756,"T":1596567589189,"p":"0.00001177","f":6859893},{"m":false,"l":6859894,"M":true,"q":"4.00000000","a":5147757,"T":1596567589193,"p":"0.00001177","f":6859894},{"m":false,"l":6859895,"M":true,"q":"18.00000000","a":5147758,"T":1596567590181,"p":"0.00001177","f":6859895},{"m":false,"l":6859896,"M":true,"q":"71.00000000","a":5147759,"T":1596567592187,"p":"0.00001176","f":6859896},{"m":false,"l":6859897,"M":true,"q":"108.00000000","a":5147760,"T":1596567594201,"p":"0.00001176","f":6859897},{"m":false,"l":6859898,"M":true,"q":"54.00000000","a":5147761,"T":1596567595204,"p":"0.00001176","f":6859898},{"m":false,"l":6859899,"M":true,"q":"84.00000000","a":5147762,"T":1596567595216,"p":"0.00001176","f":6859899},{"m":false,"l":6859900,"M":true,"q":"41.00000000","a":5147763,"T":1596567596201,"p":"0.00001176","f":6859900},{"m":false,"l":6859901,"M":true,"q":"127.00000000","a":5147764,"T":1596567597205,"p":"0.00001176","f":6859901},{"m":false,"l":6859902,"M":true,"q":"139.00000000","a":5147765,"T":1596567598219,"p":"0.00001176","f":6859902},{"m":false,"l":6859903,"M":true,"q":"946.00000000","a":5147766,"T":1596567598243,"p":"0.00001176","f":6859903},{"m":false,"l":6859909,"M":true,"q":"3803.00000000","a":5147767,"T":1596567598243,"p":"0.00001177","f":6859904}],[{"m":false,"E":1596604491991,"l":6870247,"M":true,"q":"115.00000000","s":"BLZBTC","a":5154222,"T":1596604491990,"e":"aggTrade","p":"0.00001079","f":6870247},{"m":false,"E":1596604493168,"l":6870248,"M":true,"q":"22.00000000","s":"BLZBTC","a":5154223,"T":1596604493167,"e":"aggTrade","p":"0.00001079","f":6870248},{"m":true,"E":1596604493524,"l":6870249,"M":true,"q":"500.00000000","s":"BLZBTC","a":5154224,"T":1596604493523,"e":"aggTrade","p":"0.00001077","f":6870249},{"m":false,"E":1596604494999,"l":6870250,"M":true,"q":"294.00000000","s":"BLZBTC","a":5154225,"T":1596604494998,"e":"aggTrade","p":"0.00001079","f":6870250},{"m":false,"E":1596604494999,"l":6870251,"M":true,"q":"1594.00000000","s":"BLZBTC","a":5154226,"T":1596604494998,"e":"aggTrade","p":"0.00001080","f":6870251},{"m":true,"E":1596604495442,"l":6870252,"M":true,"q":"1576.00000000","s":"BLZBTC","a":5154227,"T":1596604495441,"e":"aggTrade","p":"0.00001077","f":6870252},{"m":false,"E":1596604497166,"l":6870253,"M":true,"q":"2997.00000000","s":"BLZBTC","a":5154228,"T":1596604497165,"e":"aggTrade","p":"0.00001077","f":6870253},{"m":false,"E":1596604497937,"l":6870254,"M":true,"q":"3978.00000000","s":"BLZBTC","a":5154229,"T":1596604497936,"e":"aggTrade","p":"0.00001077","f":6870254},{"m":false,"E":1596604500845,"l":6870255,"M":true,"q":"520.00000000","s":"BLZBTC","a":5154230,"T":1596604500844,"e":"aggTrade","p":"0.00001077","f":6870255},{"m":false,"E":1596604500952,"l":6870256,"M":true,"q":"343.00000000","s":"BLZBTC","a":5154231,"T":1596604500951,"e":"aggTrade","p":"0.00001077","f":6870256},{"m":false,"E":1596604501005,"l":6870257,"M":true,"q":"231.00000000","s":"BLZBTC","a":5154232,"T":1596604501004,"e":"aggTrade","p":"0.00001077","f":6870257},{"m":false,"E":1596604501059,"l":6870258,"M":true,"q":"558.00000000","s":"BLZBTC","a":5154233,"T":1596604501058,"e":"aggTrade","p":"0.00001077","f":6870258},{"m":true,"E":1596604506030,"l":6870259,"M":true,"q":"8379.00000000","s":"BLZBTC","a":5154234,"T":1596604506029,"e":"aggTrade","p":"0.00001076","f":6870259},{"m":false,"E":1596604506166,"l":6870260,"M":true,"q":"345.00000000","s":"BLZBTC","a":5154235,"T":1596604506165,"e":"aggTrade","p":"0.00001077","f":6870260},{"m":false,"E":1596604508052,"l":6870261,"M":true,"q":"185.00000000","s":"BLZBTC","a":5154236,"T":1596604508051,"e":"aggTrade","p":"0.00001077","f":6870261},{"m":false,"E":1596604508544,"l":6870262,"M":true,"q":"3210.00000000","s":"BLZBTC","a":5154237,"T":1596604508543,"e":"aggTrade","p":"0.00001077","f":6870262},{"m":false,"E":1596604508652,"l":6870263,"M":true,"q":"4558.00000000","s":"BLZBTC","a":5154238,"T":1596604508651,"e":"aggTrade","p":"0.00001077","f":6870263},{"m":false,"E":1596604508750,"l":6870264,"M":true,"q":"5103.00000000","s":"BLZBTC","a":5154239,"T":1596604508748,"e":"aggTrade","p":"0.00001077","f":6870264},{"m":false,"E":1596604508761,"l":6870265,"M":true,"q":"2730.00000000","s":"BLZBTC","a":5154240,"T":1596604508760,"e":"aggTrade","p":"0.00001077","f":6870265},{"m":false,"E":1596604508838,"l":6870266,"M":true,"q":"11.00000000","s":"BLZBTC","a":5154241,"T":1596604508836,"e":"aggTrade","p":"0.00001077","f":6870266},{"m":false,"E":1596604508864,"l":6870267,"M":true,"q":"4787.00000000","s":"BLZBTC","a":5154242,"T":1596604508862,"e":"aggTrade","p":"0.00001077","f":6870267},{"m":false,"E":1596604508965,"l":6870268,"M":true,"q":"2151.00000000","s":"BLZBTC","a":5154243,"T":1596604508964,"e":"aggTrade","p":"0.00001077","f":6870268},{"m":false,"E":1596604510509,"l":6870269,"M":true,"q":"2327.00000000","s":"BLZBTC","a":5154244,"T":1596604510508,"e":"aggTrade","p":"0.00001077","f":6870269},{"m":true,"E":1596604511800,"l":6870270,"M":true,"q":"4035.00000000","s":"BLZBTC","a":5154245,"T":1596604511799,"e":"aggTrade","p":"0.00001076","f":6870270},{"m":true,"E":1596604511825,"l":6870271,"M":true,"q":"3300.00000000","s":"BLZBTC","a":5154246,"T":1596604511824,"e":"aggTrade","p":"0.00001076","f":6870271},{"m":true,"E":1596604511868,"l":6870274,"M":true,"q":"10000.00000000","s":"BLZBTC","a":5154247,"T":1596604511867,"e":"aggTrade","p":"0.00001076","f":6870272},{"m":true,"E":1596604515710,"l":6870285,"M":true,"q":"4183.00000000","s":"BLZBTC","a":5154248,"T":1596604515707,"e":"aggTrade","p":"0.00001076","f":6870275},{"m":true,"E":1596604515784,"l":6870286,"M":true,"q":"333.00000000","s":"BLZBTC","a":5154249,"T":1596604515783,"e":"aggTrade","p":"0.00001076","f":6870286},{"m":true,"E":1596604516419,"l":6870287,"M":true,"q":"274.00000000","s":"BLZBTC","a":5154250,"T":1596604516418,"e":"aggTrade","p":"0.00001076","f":6870287},{"m":false,"E":1596604525815,"l":6870288,"M":true,"q":"186.00000000","s":"BLZBTC","a":5154251,"T":1596604525814,"e":"aggTrade","p":"0.00001077","f":6870288},{"m":true,"E":1596604527852,"l":6870289,"M":true,"q":"914.00000000","s":"BLZBTC","a":5154252,"T":1596604527851,"e":"aggTrade","p":"0.00001076","f":6870289},{"m":false,"E":1596604535769,"l":6870290,"M":true,"q":"469.00000000","s":"BLZBTC","a":5154253,"T":1596604535768,"e":"aggTrade","p":"0.00001077","f":6870290},{"m":false,"E":1596604540300,"l":6870291,"M":true,"q":"385.00000000","s":"BLZBTC","a":5154254,"T":1596604540299,"e":"aggTrade","p":"0.00001077","f":6870291},{"m":true,"E":1596604542273,"l":6870292,"M":true,"q":"192.00000000","s":"BLZBTC","a":5154255,"T":1596604542271,"e":"aggTrade","p":"0.00001076","f":6870292},{"m":true,"E":1596604551289,"l":6870296,"M":true,"q":"6862.00000000","s":"BLZBTC","a":5154256,"T":1596604551287,"e":"aggTrade","p":"0.00001076","f":6870293},{"m":false,"E":1596604551340,"l":6870297,"M":true,"q":"249.00000000","s":"BLZBTC","a":5154257,"T":1596604551338,"e":"aggTrade","p":"0.00001076","f":6870297},{"m":false,"E":1596604553384,"l":6870298,"M":true,"q":"402.00000000","s":"BLZBTC","a":5154258,"T":1596604553383,"e":"aggTrade","p":"0.00001076","f":6870298},{"m":false,"E":1596604559185,"l":6870299,"M":true,"q":"421.00000000","s":"BLZBTC","a":5154259,"T":1596604559184,"e":"aggTrade","p":"0.00001076","f":6870299},{"m":true,"E":1596604560065,"l":6870300,"M":true,"q":"860.00000000","s":"BLZBTC","a":5154260,"T":1596604560064,"e":"aggTrade","p":"0.00001075","f":6870300},{"m":true,"E":1596604560065,"l":6870301,"M":true,"q":"1680.00000000","s":"BLZBTC","a":5154261,"T":1596604560064,"e":"aggTrade","p":"0.00001075","f":6870301},{"m":true,"E":1596604560065,"l":6870306,"M":true,"q":"2651.00000000","s":"BLZBTC","a":5154262,"T":1596604560064,"e":"aggTrade","p":"0.00001075","f":6870302},{"m":false,"E":1596604563158,"l":6870307,"M":true,"q":"66.00000000","s":"BLZBTC","a":5154263,"T":1596604563157,"e":"aggTrade","p":"0.00001076","f":6870307},{"m":true,"E":1596604566592,"l":6870318,"M":true,"q":"6226.00000000","s":"BLZBTC","a":5154264,"T":1596604566590,"e":"aggTrade","p":"0.00001075","f":6870308},{"m":false,"E":1596604571131,"l":6870319,"M":true,"q":"33.00000000","s":"BLZBTC","a":5154265,"T":1596604571130,"e":"aggTrade","p":"0.00001076","f":6870319},{"m":false,"E":1596604575698,"l":6870320,"M":true,"q":"836.00000000","s":"BLZBTC","a":5154266,"T":1596604575697,"e":"aggTrade","p":"0.00001076","f":6870320},{"m":false,"E":1596604583739,"l":6870321,"M":true,"q":"3162.00000000","s":"BLZBTC","a":5154267,"T":1596604583738,"e":"aggTrade","p":"0.00001076","f":6870321},{"m":false,"E":1596604585306,"l":6870322,"M":true,"q":"1550.00000000","s":"BLZBTC","a":5154268,"T":1596604585305,"e":"aggTrade","p":"0.00001076","f":6870322},{"m":false,"E":1596604591587,"l":6870323,"M":true,"q":"648.00000000","s":"BLZBTC","a":5154269,"T":1596604591586,"e":"aggTrade","p":"0.00001076","f":6870323},{"m":false,"E":1596604593386,"l":6870324,"M":true,"q":"165.00000000","s":"BLZBTC","a":5154270,"T":1596604593385,"e":"aggTrade","p":"0.00001076","f":6870324},{"m":false,"E":1596604595788,"l":6870327,"M":true,"q":"2158.00000000","s":"BLZBTC","a":5154271,"T":1596604595786,"e":"aggTrade","p":"0.00001076","f":6870325},{"m":true,"E":1596604597406,"l":6870328,"M":true,"q":"972.00000000","s":"BLZBTC","a":5154272,"T":1596604597405,"e":"aggTrade","p":"0.00001076","f":6870328},{"m":false,"E":1596604599000,"l":6870329,"M":true,"q":"142.00000000","s":"BLZBTC","a":5154273,"T":1596604598999,"e":"aggTrade","p":"0.00001076","f":6870329},{"m":false,"E":1596604599000,"l":6870330,"M":true,"q":"1658.00000000","s":"BLZBTC","a":5154274,"T":1596604598999,"e":"aggTrade","p":"0.00001077","f":6870330}]]},{"peak":"5.95760234|90,-8.69891264|930,4.64941882|270,-14.01143791|780,7.55718954|450,-4.40126883|690,15.62252181|570,-5.46112116|180,4.15913201|270,-5.64930301|300,10.30814380|360,-3.51118761|90,4.95697074|300,-4.99311295|240,3.61570248|150,-7.54110079|780,4.89635454|180,-4.56002850|120,5.73566085|780,-10.91180867|900,3.43796712|390,-8.54901961|1110,6.58823529|510,-4.98261877|1050,4.51911935|450,-10.08950366|2220,3.53946298|690,-19.20374707|1650,6.93208431|390,-21.43617021|780,7.02127660|150,-8.34679591|390,3.28486807|60,-7.27069351|60,9.28411633|150,-11.14903299|150,7.16723549|60,-5.13392857|90,15.79241071|480,-9.49868074|210,11.13456464|750,-11.84280404|1290,4.14232608|600,-3.21052632|360,3.42105263|630,-11.01694915|930,4.29378531|600,-5.36529680|600,31.16438356|1851,-5.31622365|90,8.98258478|63,-8.78316560|231,4.80329369|102,-7.55868545|813,15.53990610|1049,-6.81423611|133,-6.81423611|133,3.81944444|711","transactionList":[{},{},{},{},{},{},{},{},{},{},{},{},{},{},{},{},{},{},{},{},{},{},{},{},{},{},{},{},{},{},{},{},{},{},{},{},{},{},{},{},{},{},{},{},{},{},{},{},{},{},{},{},{},{},{},{},[],[{"m":true,"E":1596585728258,"l":6585486,"M":true,"q":"34.00000000","s":"LRCBTC","a":4984687,"T":1596585728256,"e":"aggTrade","p":"0.00001192","f":6585486},{"m":true,"E":1596585728267,"l":6585487,"M":true,"q":"203.00000000","s":"LRCBTC","a":4984688,"T":1596585728266,"e":"aggTrade","p":"0.00001192","f":6585487},{"m":true,"E":1596585729633,"l":6585488,"M":true,"q":"140.00000000","s":"LRCBTC","a":4984689,"T":1596585729616,"e":"aggTrade","p":"0.00001192","f":6585488},{"m":true,"E":1596585730821,"l":6585489,"M":true,"q":"97.00000000","s":"LRCBTC","a":4984690,"T":1596585730820,"e":"aggTrade","p":"0.00001192","f":6585489},{"m":true,"E":1596585760556,"l":6585490,"M":true,"q":"254.00000000","s":"LRCBTC","a":4984691,"T":1596585760555,"e":"aggTrade","p":"0.00001192","f":6585490},{"m":true,"E":1596585760564,"l":6585491,"M":true,"q":"231.00000000","s":"LRCBTC","a":4984692,"T":1596585760563,"e":"aggTrade","p":"0.00001192","f":6585491},{"m":true,"E":1596585762538,"l":6585492,"M":true,"q":"159.00000000","s":"LRCBTC","a":4984693,"T":1596585762537,"e":"aggTrade","p":"0.00001192","f":6585492},{"m":true,"E":1596585763739,"l":6585493,"M":true,"q":"110.00000000","s":"LRCBTC","a":4984694,"T":1596585763738,"e":"aggTrade","p":"0.00001192","f":6585493},{"m":false,"E":1596585781435,"l":6585496,"M":true,"q":"104.00000000","s":"LRCBTC","a":4984695,"T":1596585781434,"e":"aggTrade","p":"0.00001196","f":6585494},{"m":true,"E":1596585781463,"l":6585497,"M":true,"q":"398.00000000","s":"LRCBTC","a":4984696,"T":1596585781462,"e":"aggTrade","p":"0.00001196","f":6585497},{"m":true,"E":1596585781479,"l":6585498,"M":true,"q":"418.00000000","s":"LRCBTC","a":4984697,"T":1596585781478,"e":"aggTrade","p":"0.00001192","f":6585498},{"m":true,"E":1596585784724,"l":6585499,"M":true,"q":"372.00000000","s":"LRCBTC","a":4984698,"T":1596585784723,"e":"aggTrade","p":"0.00001195","f":6585499},{"m":true,"E":1596585784733,"l":6585500,"M":true,"q":"545.00000000","s":"LRCBTC","a":4984699,"T":1596585784732,"e":"aggTrade","p":"0.00001195","f":6585500},{"m":false,"E":1596585785709,"l":6585501,"M":true,"q":"907.00000000","s":"LRCBTC","a":4984700,"T":1596585785708,"e":"aggTrade","p":"0.00001197","f":6585501},{"m":false,"E":1596585785723,"l":6585502,"M":true,"q":"2868.00000000","s":"LRCBTC","a":4984701,"T":1596585785722,"e":"aggTrade","p":"0.00001197","f":6585502},{"m":true,"E":1596585785755,"l":6585503,"M":true,"q":"2148.00000000","s":"LRCBTC","a":4984702,"T":1596585785754,"e":"aggTrade","p":"0.00001195","f":6585503},{"m":true,"E":1596585787551,"l":6585506,"M":true,"q":"933.00000000","s":"LRCBTC","a":4984703,"T":1596585787549,"e":"aggTrade","p":"0.00001192","f":6585504},{"m":false,"E":1596585791025,"l":6585507,"M":true,"q":"17.00000000","s":"LRCBTC","a":4984704,"T":1596585791024,"e":"aggTrade","p":"0.00001196","f":6585507},{"m":true,"E":1596585791852,"l":6585508,"M":true,"q":"2000.00000000","s":"LRCBTC","a":4984705,"T":1596585791850,"e":"aggTrade","p":"0.00001192","f":6585508},{"m":true,"E":1596585794552,"l":6585509,"M":true,"q":"685.00000000","s":"LRCBTC","a":4984706,"T":1596585794551,"e":"aggTrade","p":"0.00001192","f":6585509},{"m":true,"E":1596585799158,"l":6585510,"M":true,"q":"251.00000000","s":"LRCBTC","a":4984707,"T":1596585799157,"e":"aggTrade","p":"0.00001192","f":6585510},{"m":false,"E":1596585804447,"l":6585511,"M":true,"q":"194.00000000","s":"LRCBTC","a":4984708,"T":1596585804446,"e":"aggTrade","p":"0.00001196","f":6585511},{"m":false,"E":1596585804447,"l":6585512,"M":true,"q":"175.00000000","s":"LRCBTC","a":4984709,"T":1596585804446,"e":"aggTrade","p":"0.00001197","f":6585512},{"m":true,"E":1596585838084,"l":6585513,"M":true,"q":"123.00000000","s":"LRCBTC","a":4984710,"T":1596585838083,"e":"aggTrade","p":"0.00001192","f":6585513},{"m":true,"E":1596585839179,"l":6585515,"M":true,"q":"431.00000000","s":"LRCBTC","a":4984711,"T":1596585839178,"e":"aggTrade","p":"0.00001191","f":6585514}]]},{"peak":"9.69768820|1650,-10.76131195|390,4.84797702|450,-3.37542783|150,6.03092175|210,-3.22877169|390,5.83706768|540,-3.27390963|360,10.06839332|1740,-9.82212775|810,3.35608010|810,-11.38034961|2340,3.73719108|960,-14.15494826|5640,3.47572300|570,-8.90812622|570,6.50656241|240,-18.44720497|450,5.68322981|150,-5.94645081|300,6.36674969|480,-4.32061069|360,7.38931298|630,-8.29869130|1290,6.14318707|1860,-4.51788963|630,8.86901152|660,-8.01744886|1530,8.30324910|1458,-6.33584404|1170,4.79988185|629","transactionList":[{},{},{},{},{},{},{},{},{},{},{},{},{},{},{},{},{},{},{},{},{},{},{},{},{},{},{},{},{},{},{}]},{"peak":"3.17460317|420,-4.00000000|1170,8.80000000|420,-10.12145749|3300,8.50202429|570,-4.68750000|870,6.25000000|990,-3.81679389|960,14.50381679|1860,-6.76156584|450,3.20284698|330,-3.57142857|90,4.28571429|150,-6.95970696|900,11.35531136|1350,-28.81355932|2190,5.08474576|180,-19.23076923|960,5.28846154|180,-18.37837838|510,7.02702703|150,-9.39226519|150,13.25966851|750,-6.21761658|150,14.50777202|810,-7.28155340|390,7.28155340|120,-7.80487805|660,12.68292683|630,-10.00000000|720,8.57142857|540,-20.63492063|1680,3.70370370|300,-6.52173913|810,11.95652174|690,-3.51758794|225,5.52763819|843,-6.06060606|432,5.05050505|791,-4.00000000|624,3.00000000|116","transactionList":[{},{},{},{},{},{},{},{},{},{},{},{},{},{},{},{},{},{},{},{},{},{},{},{},{},{},{},{},{},{},{},{},{},{},{},{},{},{},{},{},{}]},{"peak":"49.82698962|330,-13.05483029|150,5.83115753|30,-3.40136054|60,7.14285714|120,-4.73815461|150,6.31753948|120,-3.31179321|120,32.47172859|150,-7.61154856|180,3.01837270|30,-15.44117647|330,12.05882353|180,-15.19274376|180,9.29705215|150,-6.40176600|150,4.26784400|90,-21.73539519|600,3.35051546|270,-7.21925134|360,7.75401070|210,-7.27595386|240,5.50133097|90,-15.21317829|540,13.17829457|750,-11.87739464|660,3.06513410|60,-3.26295585|120,4.22264875|120,-16.64876477|540,5.69280344|90,-5.57939914|180,3.00429185|60,-3.67170626|210,4.96760259|210,-16.96750903|120,6.01684717|60,-4.50771056|60,3.08422301|300,-25.57803468|510,11.99421965|180,-11.83261183|120,33.76623377|630,-11.15107914|180,22.18225420|330,-4.08580184|90,5.72012257|60,-9.52380952|330,3.38624339|120,-9.16201117|360,3.01675978|120,-10.41916168|660,12.93413174|570,-3.62637363|120,3.18681319|150,-7.56013746|510,16.26575029|1080,-3.57142857|60,9.28571429|240,-12.26415094|600,22.22222222|510,-5.42495479|90,5.33453888|60,-8.77684407|180,8.87021475|150,-5.71169538|240,16.31912965|360,-4.13961039|90,6.65584416|120,-6.56934307|240,3.16301703|60,-10.60869565|390,3.65217391|63,-6.81003584|60,9.13978495|51,-4.10256410|66,3.24786325|33,-4.04823428|66,9.81912145|264,-11.06271777|519,11.41114983|342,-5.87748344|493,8.36092715|546,-4.72000000|105,-4.72000000|105,4.32000000|103,-3.40999207|122,6.81998414|249,-3.53574174|155","transactionList":[{},{},{},{},{},{},{},{},{},{},{},{},{},{},{},{},{},{},{},{},{},{},{},{},{},{},{},{},{},{},{},{},{},{},{},{},{},{},{},{},{},{},{},{},{},{},{},{},{},{},{},{},{},{},{},{},{},{},{},{},{},{},{},{},{},{},{},{},{},{},{},{},{},{},{},{},{},{},{},{},{},{},{},{},[{"m":false,"l":468484,"M":true,"q":"2501.00000000","a":296494,"T":1596565620213,"p":"0.00000626","f":468484},{"m":true,"l":468488,"M":true,"q":"3390.00000000","a":296495,"T":1596565652346,"p":"0.00000625","f":468485},{"m":false,"l":468489,"M":true,"q":"783.00000000","a":296496,"T":1596565652386,"p":"0.00000625","f":468489},{"m":false,"l":468490,"M":true,"q":"203.00000000","a":296497,"T":1596565652411,"p":"0.00000625","f":468490},{"m":false,"l":468491,"M":true,"q":"746.00000000","a":296498,"T":1596565653032,"p":"0.00000625","f":468491},{"m":false,"l":468492,"M":true,"q":"11534.00000000","a":296499,"T":1596565653124,"p":"0.00000625","f":468492},{"m":false,"l":468493,"M":true,"q":"10000.00000000","a":296500,"T":1596565653526,"p":"0.00000625","f":468493},{"m":false,"l":468494,"M":true,"q":"861.00000000","a":296501,"T":1596565654065,"p":"0.00000625","f":468494},{"m":false,"l":468495,"M":true,"q":"2525.00000000","a":296502,"T":1596565665658,"p":"0.00000625","f":468495},{"m":false,"l":468496,"M":true,"q":"5003.00000000","a":296503,"T":1596565686188,"p":"0.00000627","f":468496},{"m":true,"l":468499,"M":true,"q":"6271.00000000","a":296504,"T":1596565707558,"p":"0.00000625","f":468497},{"m":true,"l":468508,"M":true,"q":"40906.00000000","a":296505,"T":1596565732922,"p":"0.00000624","f":468500},{"m":false,"l":468509,"M":true,"q":"1000.00000000","a":296506,"T":1596565733029,"p":"0.00000624","f":468509},{"m":false,"l":468510,"M":true,"q":"881.00000000","a":296507,"T":1596565733033,"p":"0.00000624","f":468510},{"m":false,"l":468511,"M":true,"q":"5436.00000000","a":296508,"T":1596565733109,"p":"0.00000624","f":468511},{"m":false,"l":468512,"M":true,"q":"183.00000000","a":296509,"T":1596565733158,"p":"0.00000624","f":468512},{"m":false,"l":468513,"M":true,"q":"15000.00000000","a":296510,"T":1596565733245,"p":"0.00000624","f":468513},{"m":false,"l":468514,"M":true,"q":"10000.00000000","a":296511,"T":1596565733372,"p":"0.00000624","f":468514},{"m":false,"l":468515,"M":true,"q":"804.00000000","a":296512,"T":1596565733531,"p":"0.00000624","f":468515},{"m":false,"l":468516,"M":true,"q":"2085.00000000","a":296513,"T":1596565733560,"p":"0.00000624","f":468516},{"m":false,"l":468517,"M":true,"q":"8734.00000000","a":296514,"T":1596565734485,"p":"0.00000624","f":468517},{"m":true,"l":468519,"M":true,"q":"141.00000000","a":296515,"T":1596565735414,"p":"0.00000623","f":468518}],[{"m":true,"E":1596571837360,"l":469640,"M":true,"q":"9781.00000000","s":"IRISBTC","a":297210,"T":1596571837359,"e":"aggTrade","p":"0.00000648","f":469640},{"m":true,"E":1596571837377,"l":469641,"M":true,"q":"3271.00000000","s":"IRISBTC","a":297211,"T":1596571837376,"e":"aggTrade","p":"0.00000648","f":469641},{"m":true,"E":1596571840316,"l":469643,"M":true,"q":"122.00000000","s":"IRISBTC","a":297212,"T":1596571840315,"e":"aggTrade","p":"0.00000647","f":469642},{"m":true,"E":1596571840316,"l":469646,"M":true,"q":"3262.00000000","s":"IRISBTC","a":297213,"T":1596571840315,"e":"aggTrade","p":"0.00000646","f":469644},{"m":false,"E":1596571891957,"l":469649,"M":true,"q":"3968.00000000","s":"IRISBTC","a":297214,"T":1596571891953,"e":"aggTrade","p":"0.00000648","f":469647},{"m":false,"E":1596571891957,"l":469651,"M":true,"q":"122.00000000","s":"IRISBTC","a":297215,"T":1596571891953,"e":"aggTrade","p":"0.00000649","f":469650},{"m":false,"E":1596571891957,"l":469662,"M":true,"q":"16920.00000000","s":"IRISBTC","a":297216,"T":1596571891953,"e":"aggTrade","p":"0.00000650","f":469652},{"m":false,"E":1596571891957,"l":469673,"M":true,"q":"24123.00000000","s":"IRISBTC","a":297217,"T":1596571891953,"e":"aggTrade","p":"0.00000651","f":469663},{"m":false,"E":1596571891957,"l":469679,"M":true,"q":"28362.00000000","s":"IRISBTC","a":297218,"T":1596571891953,"e":"aggTrade","p":"0.00000652","f":469674},{"m":false,"E":1596571891957,"l":469688,"M":true,"q":"312202.00000000","s":"IRISBTC","a":297219,"T":1596571891953,"e":"aggTrade","p":"0.00000653","f":469680},{"m":true,"E":1596571891962,"l":469689,"M":true,"q":"14303.00000000","s":"IRISBTC","a":297220,"T":1596571891961,"e":"aggTrade","p":"0.00000653","f":469689},{"m":true,"E":1596571892006,"l":469691,"M":true,"q":"1069.00000000","s":"IRISBTC","a":297221,"T":1596571892004,"e":"aggTrade","p":"0.00000647","f":469690},{"m":false,"E":1596571892270,"l":469693,"M":true,"q":"1069.00000000","s":"IRISBTC","a":297222,"T":1596571892268,"e":"aggTrade","p":"0.00000649","f":469692},{"m":true,"E":1596571895865,"l":469695,"M":true,"q":"122.00000000","s":"IRISBTC","a":297223,"T":1596571895864,"e":"aggTrade","p":"0.00000651","f":469694},{"m":true,"E":1596571897068,"l":469697,"M":true,"q":"251.00000000","s":"IRISBTC","a":297224,"T":1596571897066,"e":"aggTrade","p":"0.00000650","f":469696},{"m":true,"E":1596571897793,"l":469698,"M":true,"q":"5396.00000000","s":"IRISBTC","a":297225,"T":1596571897792,"e":"aggTrade","p":"0.00000649","f":469698},{"m":false,"E":1596571909667,"l":469699,"M":true,"q":"41.00000000","s":"IRISBTC","a":297226,"T":1596571909666,"e":"aggTrade","p":"0.00000652","f":469699},{"m":false,"E":1596571909667,"l":469703,"M":true,"q":"587.00000000","s":"IRISBTC","a":297227,"T":1596571909666,"e":"aggTrade","p":"0.00000653","f":469700},{"m":false,"E":1596571912658,"l":469704,"M":true,"q":"6125.00000000","s":"IRISBTC","a":297228,"T":1596571912657,"e":"aggTrade","p":"0.00000653","f":469704},{"m":true,"E":1596571912758,"l":469705,"M":true,"q":"81.00000000","s":"IRISBTC","a":297229,"T":1596571912757,"e":"aggTrade","p":"0.00000651","f":469705},{"m":false,"E":1596571913446,"l":469706,"M":true,"q":"918.00000000","s":"IRISBTC","a":297230,"T":1596571913445,"e":"aggTrade","p":"0.00000652","f":469706},{"m":true,"E":1596571914174,"l":469707,"M":true,"q":"41.00000000","s":"IRISBTC","a":297231,"T":1596571914173,"e":"aggTrade","p":"0.00000651","f":469707}],[{"m":false,"E":1596579192471,"l":470581,"M":true,"q":"3646.00000000","s":"IRISBTC","a":297633,"T":1596579192470,"e":"aggTrade","p":"0.00000633","f":470581},{"m":true,"E":1596579215581,"l":470582,"M":true,"q":"774.00000000","s":"IRISBTC","a":297634,"T":1596579215580,"e":"aggTrade","p":"0.00000632","f":470582},{"m":true,"E":1596579216500,"l":470595,"M":true,"q":"52228.00000000","s":"IRISBTC","a":297635,"T":1596579216496,"e":"aggTrade","p":"0.00000632","f":470583},{"m":true,"E":1596579216500,"l":470604,"M":true,"q":"22281.00000000","s":"IRISBTC","a":297636,"T":1596579216496,"e":"aggTrade","p":"0.00000631","f":470596},{"m":true,"E":1596579216500,"l":470614,"M":true,"q":"86232.00000000","s":"IRISBTC","a":297637,"T":1596579216496,"e":"aggTrade","p":"0.00000630","f":470605},{"m":false,"E":1596579216617,"l":470616,"M":true,"q":"2970.00000000","s":"IRISBTC","a":297638,"T":1596579216615,"e":"aggTrade","p":"0.00000631","f":470615},{"m":false,"E":1596579217115,"l":470617,"M":true,"q":"997.00000000","s":"IRISBTC","a":297639,"T":1596579217114,"e":"aggTrade","p":"0.00000631","f":470617},{"m":false,"E":1596579244626,"l":470618,"M":true,"q":"6.00000000","s":"IRISBTC","a":297640,"T":1596579244625,"e":"aggTrade","p":"0.00000631","f":470618},{"m":true,"E":1596579255115,"l":470619,"M":true,"q":"3763.00000000","s":"IRISBTC","a":297641,"T":1596579255114,"e":"aggTrade","p":"0.00000631","f":470619},{"m":true,"E":1596579262581,"l":470620,"M":true,"q":"345.00000000","s":"IRISBTC","a":297642,"T":1596579262580,"e":"aggTrade","p":"0.00000631","f":470620}],[{"m":false,"E":1596594125312,"l":472503,"M":true,"q":"17621.00000000","s":"IRISBTC","a":298772,"T":1596594125310,"e":"aggTrade","p":"0.00000672","f":472498},{"m":false,"E":1596594125312,"l":472509,"M":true,"q":"7776.00000000","s":"IRISBTC","a":298773,"T":1596594125310,"e":"aggTrade","p":"0.00000673","f":472504},{"m":false,"E":1596594127491,"l":472513,"M":true,"q":"4202.00000000","s":"IRISBTC","a":298774,"T":1596594127490,"e":"aggTrade","p":"0.00000674","f":472510},{"m":true,"E":1596594127773,"l":472514,"M":true,"q":"63.00000000","s":"IRISBTC","a":298775,"T":1596594127772,"e":"aggTrade","p":"0.00000671","f":472514},{"m":false,"E":1596594129618,"l":472517,"M":true,"q":"3000.00000000","s":"IRISBTC","a":298776,"T":1596594129617,"e":"aggTrade","p":"0.00000674","f":472515},{"m":true,"E":1596594129635,"l":472518,"M":true,"q":"99.00000000","s":"IRISBTC","a":298777,"T":1596594129633,"e":"aggTrade","p":"0.00000672","f":472518},{"m":false,"E":1596594130066,"l":472519,"M":true,"q":"84.00000000","s":"IRISBTC","a":298778,"T":1596594130065,"e":"aggTrade","p":"0.00000674","f":472519},{"m":false,"E":1596594130199,"l":472520,"M":true,"q":"1172.00000000","s":"IRISBTC","a":298779,"T":1596594130198,"e":"aggTrade","p":"0.00000673","f":472520},{"m":true,"E":1596594131471,"l":472521,"M":true,"q":"116.00000000","s":"IRISBTC","a":298780,"T":1596594131470,"e":"aggTrade","p":"0.00000672","f":472521},{"m":false,"E":1596594131635,"l":472522,"M":true,"q":"104.00000000","s":"IRISBTC","a":298781,"T":1596594131634,"e":"aggTrade","p":"0.00000673","f":472522},{"m":false,"E":1596594132656,"l":472523,"M":true,"q":"446.00000000","s":"IRISBTC","a":298782,"T":1596594132655,"e":"aggTrade","p":"0.00000673","f":472523},{"m":false,"E":1596594161154,"l":472524,"M":true,"q":"17.00000000","s":"IRISBTC","a":298783,"T":1596594161153,"e":"aggTrade","p":"0.00000673","f":472524},{"m":false,"E":1596594161780,"l":472525,"M":true,"q":"24.00000000","s":"IRISBTC","a":298784,"T":1596594161780,"e":"aggTrade","p":"0.00000673","f":472525},{"m":true,"E":1596594165800,"l":472526,"M":true,"q":"67.00000000","s":"IRISBTC","a":298785,"T":1596594165799,"e":"aggTrade","p":"0.00000672","f":472526},{"m":false,"E":1596594172312,"l":472527,"M":true,"q":"1112.00000000","s":"IRISBTC","a":298786,"T":1596594172311,"e":"aggTrade","p":"0.00000673","f":472527},{"m":false,"E":1596594172312,"l":472528,"M":true,"q":"5810.00000000","s":"IRISBTC","a":298787,"T":1596594172311,"e":"aggTrade","p":"0.00000674","f":472528},{"m":false,"E":1596594184133,"l":472530,"M":true,"q":"10523.00000000","s":"IRISBTC","a":298788,"T":1596594184131,"e":"aggTrade","p":"0.00000674","f":472529},{"m":true,"E":1596594184197,"l":472531,"M":true,"q":"850.00000000","s":"IRISBTC","a":298789,"T":1596594184196,"e":"aggTrade","p":"0.00000674","f":472531},{"m":true,"E":1596594184246,"l":472532,"M":true,"q":"850.00000000","s":"IRISBTC","a":298790,"T":1596594184244,"e":"aggTrade","p":"0.00000674","f":472532},{"m":false,"E":1596594203922,"l":472533,"M":true,"q":"186.00000000","s":"IRISBTC","a":298791,"T":1596594203920,"e":"aggTrade","p":"0.00000674","f":472533},{"m":false,"E":1596594210480,"l":472536,"M":true,"q":"6804.00000000","s":"IRISBTC","a":298792,"T":1596594210479,"e":"aggTrade","p":"0.00000674","f":472534},{"m":true,"E":1596594235801,"l":472537,"M":true,"q":"504.00000000","s":"IRISBTC","a":298793,"T":1596594235800,"e":"aggTrade","p":"0.00000672","f":472537},{"m":true,"E":1596594241090,"l":472539,"M":true,"q":"2534.00000000","s":"IRISBTC","a":298794,"T":1596594241089,"e":"aggTrade","p":"0.00000672","f":472538}