[{"peak":"","transactionList":[]},{"peak":"-10.32066256|4620,3.27033340|1290,-6.48127874|2370,5.56163784|4620,-5.19310495|3120,5.58586079|5220,-8.69272237|5130,5.21114106|3134","transactionList":[{},{},{},{},{},{},{},{}]},{"peak":"-3.05676856|1140,5.24017467|1800,-7.58928571|600,10.04464286|3720,-7.17391304|1140,13.69565217|4560,-5.65656566|3210,5.85858586|2370,-5.22088353|600,11.44578313|1140,-5.91603053|1170,8.96946565|750,-4.96323529|1680,6.98529412|1860,-11.06870229|1332,3.43511450|717,-6.27450980|1679","transactionList":[{},{},{},{},{},{},{},{},{},{},{},{},{},{},{},{},{}]},{"peak":"12.08053691|1950,-4.48383733|180,16.37122002|1020,-6.15091947|330,12.07989854|630,-6.25187857|870,5.44033664|1290,-6.30303030|420,7.63636364|90,-5.84028605|420,5.09535161|360,-14.43867618|1080,8.40363400|1320,-7.35861183|1230,8.00128535|720,-10.12450852|2310,10.74705111|1080,-6.82680152|1080,3.41340076|120,-6.61453242|1800,6.41902900|360,-19.37134503|1200,3.80116959|1200,-10.16291699|1770,10.51202483|1590,-17.82464847|2916,7.36145575|555,-3.26173429|39,7.71678600|573,-4.96124031|585,16.16279070|251,-15.89327146|800","transactionList":[{},{},{},{},{},{},{},{},{},{},{},{},{},{},{},{},{},{},{},{},{},{},{},{},{},{},{},{},{},{},{},{}]},{"peak":"3.31471136|930,-15.15151515|2880,11.20797011|810,-4.52594616|300,11.35388217|990,-17.59373712|2640,17.26411207|2940,-5.01845018|420,6.60516605|450,-3.28923847|180,8.93814802|870,-4.34931507|330,3.28767123|180,-6.76106195|210,4.60176991|540,-4.26958363|510,5.29287227|690,-5.47896783|720,14.84623542|1590,-3.63636364|90,25.07177033|330,-14.81698389|570,6.58857980|150,-5.50724638|270,7.59420290|240,-4.29896038|210,8.42933408|120,-6.36714443|240,5.01653804|120,-8.51609228|600,7.26288807|180,-6.38418079|780,9.51977401|540,-4.67062635|150,3.07775378|60,-3.27292399|90,25.20962943|660,-7.45125348|150,19.22005571|360,-4.53897822|120,9.76999796|120,-4.27300851|120,16.86001547|210,-8.25720939|300,8.22138635|210,-8.88448369|210,3.64029555|90,-17.67955801|270,9.06486597|150,-5.50277118|210,3.24623911|360,-8.03645402|180,8.84424192|150,-10.86497890|459,25.42194093|390,-12.23333963|141,5.62582594|117,-3.64949981|90,6.44683216|171,-4.70116618|75,11.15160350|246,-8.06023029|129,15.21700620|321,-4.56591640|12,3.60128617|33,-9.44293478|176,5.62160326|46,-4.89121268|81,6.02125148|293,-3.95237308|38,7.04481561|156,-10.57396652|234,3.51896139|57,-3.41296928|89,-8.42726785|257","transactionList":[{},{},{},{},{},{},{},{},{},{},{},{},{},{},{},{},{},{},{},{},{},{},{},{},{},{},{},{},{},{},{},{},{},{},{},{},{},{},{},{},{},{},{},{},{},{},{},{},{},{},{},{},{},{},{},{},{},{},{},{},{},{},{},{},{},{},{},{},{},{},{},{},{},{},[{"m":false,"E":1593508278835,"l":3524853,"M":true,"q":"3711.00000000","s":"ONGBTC","a":2643767,"T":1593508278834,"e":"aggTrade","p":"0.00002803","f":3524853},{"m":false,"E":1593508278853,"l":3524854,"M":true,"q":"221.00000000","s":"ONGBTC","a":2643768,"T":1593508278852,"e":"aggTrade","p":"0.00002803","f":3524854},{"m":false,"E":1593508289182,"l":3524855,"M":true,"q":"7.00000000","s":"ONGBTC","a":2643769,"T":1593508289181,"e":"aggTrade","p":"0.00002809","f":3524855},{"m":true,"E":1593508290127,"l":3524856,"M":true,"q":"463.00000000","s":"ONGBTC","a":2643770,"T":1593508290126,"e":"aggTrade","p":"0.00002809","f":3524856},{"m":true,"E":1593508290152,"l":3524857,"M":true,"q":"534.00000000","s":"ONGBTC","a":2643771,"T":1593508290152,"e":"aggTrade","p":"0.00002809","f":3524857},{"m":true,"E":1593508290164,"l":3524858,"M":true,"q":"3577.00000000","s":"ONGBTC","a":2643772,"T":1593508290163,"e":"aggTrade","p":"0.00002809","f":3524858},{"m":true,"E":1593508290766,"l":3524859,"M":true,"q":"918.00000000","s":"ONGBTC","a":2643773,"T":1593508290765,"e":"aggTrade","p":"0.00002805","f":3524859},{"m":true,"E":1593508290766,"l":3524860,"M":true,"q":"457.00000000","s":"ONGBTC","a":2643774,"T":1593508290765,"e":"aggTrade","p":"0.00002804","f":3524860},{"m":true,"E":1593508291843,"l":3524861,"M":true,"q":"52.00000000","s":"ONGBTC","a":2643775,"T":1593508291841,"e":"aggTrade","p":"0.00002809","f":3524861},{"m":false,"E":1593508293091,"l":3524862,"M":true,"q":"7.00000000","s":"ONGBTC","a":2643776,"T":1593508293090,"e":"aggTrade","p":"0.00002809","f":3524862},{"m":false,"E":1593508293091,"l":3524863,"M":true,"q":"31.00000000","s":"ONGBTC","a":2643777,"T":1593508293090,"e":"aggTrade","p":"0.00002810","f":3524863},{"m":true,"E":1593508303681,"l":3524864,"M":true,"q":"74.00000000","s":"ONGBTC","a":2643778,"T":1593508303680,"e":"aggTrade","p":"0.00002810","f":3524864},{"m":true,"E":1593508304139,"l":3524865,"M":true,"q":"2213.00000000","s":"ONGBTC","a":2643779,"T":1593508304137,"e":"aggTrade","p":"0.00002810","f":3524865},{"m":true,"E":1593508304139,"l":3524866,"M":true,"q":"7193.00000000","s":"ONGBTC","a":2643780,"T":1593508304137,"e":"aggTrade","p":"0.00002804","f":3524866},{"m":true,"E":1593508304139,"l":3524867,"M":true,"q":"7.00000000","s":"ONGBTC","a":2643781,"T":1593508304137,"e":"aggTrade","p":"0.00002803","f":3524867},{"m":false,"E":1593508304146,"l":3524868,"M":true,"q":"87.00000000","s":"ONGBTC","a":2643782,"T":1593508304145,"e":"aggTrade","p":"0.00002803","f":3524868},{"m":true,"E":1593508311360,"l":3524869,"M":true,"q":"7.00000000","s":"ONGBTC","a":2643783,"T":1593508311359,"e":"aggTrade","p":"0.00002804","f":3524869},{"m":true,"E":1593508311360,"l":3524870,"M":true,"q":"87.00000000","s":"ONGBTC","a":2643784,"T":1593508311359,"e":"aggTrade","p":"0.00002803","f":3524870},{"m":true,"E":1593508311360,"l":3524871,"M":true,"q":"5528.00000000","s":"ONGBTC","a":2643785,"T":1593508311359,"e":"aggTrade","p":"0.00002801","f":3524871},{"m":true,"E":1593508311360,"l":3524872,"M":true,"q":"10000.00000000","s":"ONGBTC","a":2643786,"T":1593508311359,"e":"aggTrade","p":"0.00002800","f":3524872},{"m":false,"E":1593508322335,"l":3524873,"M":true,"q":"7.00000000","s":"ONGBTC","a":2643787,"T":1593508322334,"e":"aggTrade","p":"0.00002807","f":3524873},{"m":false,"E":1593508322335,"l":3524874,"M":true,"q":"14.00000000","s":"ONGBTC","a":2643788,"T":1593508322334,"e":"aggTrade","p":"0.00002808","f":3524874},{"m":false,"E":1593508324501,"l":3524875,"M":true,"q":"1.00000000","s":"ONGBTC","a":2643789,"T":1593508324499,"e":"aggTrade","p":"0.00002804","f":3524875},{"m":true,"E":1593508324971,"l":3524877,"M":true,"q":"1184.00000000","s":"ONGBTC","a":2643790,"T":1593508324969,"e":"aggTrade","p":"0.00002798","f":3524876},{"m":true,"E":1593508324971,"l":3524880,"M":true,"q":"490.00000000","s":"ONGBTC","a":2643791,"T":1593508324969,"e":"aggTrade","p":"0.00002797","f":3524878},{"m":true,"E":1593508324971,"l":3524881,"M":true,"q":"1722.00000000","s":"ONGBTC","a":2643792,"T":1593508324969,"e":"aggTrade","p":"0.00002796","f":3524881},{"m":false,"E":1593508331270,"l":3524882,"M":true,"q":"52.00000000","s":"ONGBTC","a":2643793,"T":1593508331269,"e":"aggTrade","p":"0.00002798","f":3524882},{"m":true,"E":1593508331699,"l":3524883,"M":true,"q":"431.00000000","s":"ONGBTC","a":2643794,"T":1593508331698,"e":"aggTrade","p":"0.00002796","f":3524883},{"m":true,"E":1593508333827,"l":3524884,"M":true,"q":"2641.00000000","s":"ONGBTC","a":2643795,"T":1593508333826,"e":"aggTrade","p":"0.00002796","f":3524884},{"m":true,"E":1593508337422,"l":3524886,"M":true,"q":"5237.00000000","s":"ONGBTC","a":2643796,"T":1593508337421,"e":"aggTrade","p":"0.00002796","f":3524885},{"m":true,"E":1593508337510,"l":3524887,"M":true,"q":"27.00000000","s":"ONGBTC","a":2643797,"T":1593508337509,"e":"aggTrade","p":"0.00002795","f":3524887},{"m":false,"E":1593508338125,"l":3524888,"M":true,"q":"161.00000000","s":"ONGBTC","a":2643798,"T":1593508338124,"e":"aggTrade","p":"0.00002795","f":3524888},{"m":false,"E":1593508338606,"l":3524889,"M":true,"q":"691.00000000","s":"ONGBTC","a":2643799,"T":1593508338605,"e":"aggTrade","p":"0.00002795","f":3524889},{"m":true,"E":1593508340745,"l":3524892,"M":true,"q":"2333.00000000","s":"ONGBTC","a":2643800,"T":1593508340743,"e":"aggTrade","p":"0.00002793","f":3524890},{"m":false,"E":1593508341237,"l":3524893,"M":true,"q":"473.00000000","s":"ONGBTC","a":2643801,"T":1593508341236,"e":"aggTrade","p":"0.00002795","f":3524893},{"m":false,"E":1593508341508,"l":3524894,"M":true,"q":"704.00000000","s":"ONGBTC","a":2643802,"T":1593508341507,"e":"aggTrade","p":"0.00002795","f":3524894},{"m":true,"E":1593508341727,"l":3524895,"M":true,"q":"2715.00000000","s":"ONGBTC","a":2643803,"T":1593508341725,"e":"aggTrade","p":"0.00002793","f":3524895},{"m":true,"E":1593508341727,"l":3524896,"M":true,"q":"14.00000000","s":"ONGBTC","a":2643804,"T":1593508341725,"e":"aggTrade","p":"0.00002792","f":3524896},{"m":true,"E":1593508341727,"l":3524897,"M":true,"q":"27.00000000","s":"ONGBTC","a":2643805,"T":1593508341725,"e":"aggTrade","p":"0.00002791","f":3524897},{"m":true,"E":1593508341727,"l":3524898,"M":true,"q":"2881.00000000","s":"ONGBTC","a":2643806,"T":1593508341725,"e":"aggTrade","p":"0.00002790","f":3524898},{"m":false,"E":1593508341810,"l":3524899,"M":true,"q":"10.00000000","s":"ONGBTC","a":2643807,"T":1593508341808,"e":"aggTrade","p":"0.00002796","f":3524899},{"m":false,"E":1593508345491,"l":3524900,"M":true,"q":"1561.00000000","s":"ONGBTC","a":2643808,"T":1593508345490,"e":"aggTrade","p":"0.00002796","f":3524900},{"m":false,"E":1593508349437,"l":3524901,"M":true,"q":"7.00000000","s":"ONGBTC","a":2643809,"T":1593508349436,"e":"aggTrade","p":"0.00002802","f":3524901},{"m":false,"E":1593508349437,"l":3524902,"M":true,"q":"27.00000000","s":"ONGBTC","a":2643810,"T":1593508349436,"e":"aggTrade","p":"0.00002809","f":3524902},{"m":false,"E":1593508349437,"l":3524904,"M":true,"q":"62.00000000","s":"ONGBTC","a":2643811,"T":1593508349436,"e":"aggTrade","p":"0.00002810","f":3524903},{"m":true,"E":1593508349444,"l":3524905,"M":true,"q":"122.00000000","s":"ONGBTC","a":2643812,"T":1593508349443,"e":"aggTrade","p":"0.00002810","f":3524905},{"m":true,"E":1593508352792,"l":3524907,"M":true,"q":"38.00000000","s":"ONGBTC","a":2643813,"T":1593508352791,"e":"aggTrade","p":"0.00002796","f":3524906},{"m":true,"E":1593508352792,"l":3524909,"M":true,"q":"32.00000000","s":"ONGBTC","a":2643814,"T":1593508352791,"e":"aggTrade","p":"0.00002795","f":3524908},{"m":false,"E":1593508354057,"l":3524910,"M":true,"q":"618.00000000","s":"ONGBTC","a":2643815,"T":1593508354056,"e":"aggTrade","p":"0.00002795","f":3524910},{"m":true,"E":1593508358616,"l":3524911,"M":true,"q":"33.00000000","s":"ONGBTC","a":2643816,"T":1593508358615,"e":"aggTrade","p":"0.00002794","f":3524911},{"m":true,"E":1593508358616,"l":3524913,"M":true,"q":"2977.00000000","s":"ONGBTC","a":2643817,"T":1593508358615,"e":"aggTrade","p":"0.00002790","f":3524912},{"m":false,"E":1593508361309,"l":3524914,"M":true,"q":"7.00000000","s":"ONGBTC","a":2643818,"T":1593508361307,"e":"aggTrade","p":"0.00002798","f":3524914},{"m":false,"E":1593508361309,"l":3524924,"M":true,"q":"352.00000000","s":"ONGBTC","a":2643819,"T":1593508361307,"e":"aggTrade","p":"0.00002799","f":3524915},{"m":false,"E":1593508361309,"l":3524926,"M":true,"q":"3735.00000000","s":"ONGBTC","a":2643820,"T":1593508361307,"e":"aggTrade","p":"0.00002805","f":3524925},{"m":false,"E":1593508361309,"l":3524927,"M":true,"q":"5.00000000","s":"ONGBTC","a":2643821,"T":1593508361307,"e":"aggTrade","p":"0.00002806","f":3524927},{"m":false,"E":1593508361309,"l":3524928,"M":true,"q":"1945.00000000","s":"ONGBTC","a":2643822,"T":1593508361307,"e":"aggTrade","p":"0.00002808","f":3524928},{"m":false,"E":1593508361309,"l":3524930,"M":true,"q":"32.00000000","s":"ONGBTC","a":2643823,"T":1593508361307,"e":"aggTrade","p":"0.00002809","f":3524929},{"m":false,"E":1593508361309,"l":3524933,"M":true,"q":"520.00000000","s":"ONGBTC","a":2643824,"T":1593508361307,"e":"aggTrade","p":"0.00002810","f":3524931},{"m":true,"E":1593508361314,"l":3524934,"M":true,"q":"2050.00000000","s":"ONGBTC","a":2643825,"T":1593508361313,"e":"aggTrade","p":"0.00002810","f":3524934},{"m":true,"E":1593508361630,"l":3524935,"M":true,"q":"7.00000000","s":"ONGBTC","a":2643826,"T":1593508361628,"e":"aggTrade","p":"0.00002792","f":3524935},{"m":true,"E":1593508361630,"l":3524936,"M":true,"q":"29.00000000","s":"ONGBTC","a":2643827,"T":1593508361628,"e":"aggTrade","p":"0.00002791","f":3524936},{"m":false,"E":1593508362256,"l":3524937,"M":true,"q":"7.00000000","s":"ONGBTC","a":2643828,"T":1593508362255,"e":"aggTrade","p":"0.00002803","f":3524937},{"m":false,"E":1593508362256,"l":3524938,"M":true,"q":"46.00000000","s":"ONGBTC","a":2643829,"T":1593508362255,"e":"aggTrade","p":"0.00002804","f":3524938},{"m":false,"E":1593508370188,"l":3524939,"M":true,"q":"7.00000000","s":"ONGBTC","a":2643830,"T":1593508370186,"e":"aggTrade","p":"0.00002803","f":3524939},{"m":false,"E":1593508370218,"l":3524940,"M":true,"q":"105.00000000","s":"ONGBTC","a":2643831,"T":1593508370217,"e":"aggTrade","p":"0.00002804","f":3524940},{"m":false,"E":1593508386063,"l":3524941,"M":true,"q":"4.00000000","s":"ONGBTC","a":2643832,"T":1593508386061,"e":"aggTrade","p":"0.00002805","f":3524941},{"m":false,"E":1593508386465,"l":3524942,"M":true,"q":"4.00000000","s":"ONGBTC","a":2643833,"T":1593508386464,"e":"aggTrade","p":"0.00002805","f":3524942},{"m":true,"E":1593508396999,"l":3524945,"M":true,"q":"667.00000000","s":"ONGBTC","a":2643834,"T":1593508396998,"e":"aggTrade","p":"0.00002801","f":3524943}]]},{"peak":"6.96428571|810,-11.33828996|930,5.01858736|990,-13.22645291|4560,5.21042084|960,-3.34645669|600,9.44881890|3000,-5.90476190|600,7.04761905|1560,-6.23818526|2670,3.40264650|420,-3.99239544|990,3.42205323|660,-15.25423729|6825,4.87288136|1212,-3.12500000|967,5.20833333|300,5.20833333|300","transactionList":[{},{},{},{},{},{},{},{},{},{},{},{},{},{},{},{},{},[{"m":false,"l":7187568,"M":true,"q":"9353.00000000","a":5646682,"T":1593473632549,"p":"0.00000252","f":7187568},{"m":false,"l":7187569,"M":true,"q":"48600.00000000","a":5646683,"T":1593473640423,"p":"0.00000252","f":7187569},{"m":false,"l":7187570,"M":true,"q":"5053.00000000","a":5646684,"T":1593473647585,"p":"0.00000252","f":7187570},{"m":false,"l":7187571,"M":true,"q":"5842.00000000","a":5646685,"T":1593473652893,"p":"0.00000252","f":7187571},{"m":false,"l":7187572,"M":true,"q":"4000.00000000","a":5646686,"T":1593473652932,"p":"0.00000252","f":7187572},{"m":false,"l":7187589,"M":true,"q":"7478.00000000","a":5646687,"T":1593473690702,"p":"0.00000252","f":7187573},{"m":true,"l":7187590,"M":true,"q":"461.00000000","a":5646688,"T":1593473692495,"p":"0.00000252","f":7187590},{"m":false,"l":7187592,"M":true,"q":"1117.00000000","a":5646689,"T":1593473692717,"p":"0.00000253","f":7187591}]]},{"peak":"7.40037951|990,-6.59133710|780,6.21468927|240,-3.48623853|30,8.99082569|540,-3.84615385|150,10.48951049|600,-4.80928690|30,5.63847430|150,-3.24149109|60,5.34846029|180,-8.15307820|120,3.66056572|390,-8.91608392|570,10.83916084|1470,-5.31561462|1080,3.32225914|90,-12.88566243|1050,7.25952813|570,-4.60176991|330,4.07079646|870,-3.33919156|570,15.81722320|2970,-8.21018062|300,10.01642036|330,-3.71517028|330,5.88235294|690,-8.39936609|780,5.70522979|540,-12.10084034|1470,3.36134454|300,-3.53535354|330,4.37710438|180,-5.44217687|720,3.40136054|360,-5.73913043|720,8.86956522|960,-20.61657033|3150,3.27552987|270,-16.01731602|1956,9.09090909|75,-3.91752577|90,10.92783505|420,-11.38716356|1666,4.34782609|512","transactionList":[{},{},{},{},{},{},{},{},{},{},{},{},{},{},{},{},{},{},{},{},{},{},{},{},{},{},{},{},{},{},{},{},{},{},{},{},{},{},{},{},{},{},{},{},{}]},{"peak":"10.39697543|1080,-10.60606061|720,8.71212121|1350,-3.42342342|90,4.32432432|90,-13.30724070|540,10.37181996|840,-5.81613508|840,21.57598499|570,-9.64467005|390,23.18104907|510,-7.21649485|180,6.03829161|60,-3.74639769|120,8.93371758|330,-10.04366812|360,4.22125182|60,-18.15181518|420,15.34653465|180,-3.55555556|90,3.70370370|90,-4.16666667|60,10.71428571|120,-10.05917160|480,21.44970414|420,-6.34715026|540,5.31088083|300,-3.43511450|300,18.06615776|240,-18.21656051|600,8.53503185|180,-5.05548705|90,6.90505549|330,-18.93004115|1530,8.09327846|540,-6.19946092|540,9.16442049|390,-23.28767123|2670,3.04414003|120,-3.35877863|120,3.96946565|330,-9.48553055|1080,10.12861736|900,-3.94537178|240,13.50531108|420,-8.09248555|420,3.61271676|120,-9.29878049|780,6.25000000|1140,-13.88888889|930,11.43790850|1170,-23.55072464|1215,10.50724638|297,-3.91822828|489,3.57751278|438,-7.42049470|402,6.71378092|234,-3.42465753|65,4.79452055|551,-3.72881356|352","transactionList":[{},{},{},{},{},{},{},{},{},{},{},{},{},{},{},{},{},{},{},{},{},{},{},{},{},{},{},{},{},{},{},{},{},{},{},{},{},{},{},{},{},{},{},{},{},{},{},{},{},{},{},{},{},{},{},{},{},{},{},{}]},{"peak":"14.95157385|210,-5.55864369|150,3.05725403|150,-5.58086560|330,9.11161731|240,-5.97345133|210,16.75884956|270,-9.15201655|180,9.66907963|90,-6.05000000|120,4.55000000|90,-3.10650888|60,12.13017751|210,-6.11292580|90,4.05972935|60,-12.85425101|510,3.34008097|180,-4.66427473|270,3.58790364|120,-13.60314784|330,21.81000562|480,-4.18269231|240,4.27884615|120,-3.13837375|210,10.55634807|480,-8.69565217|1200,3.41280972|240,-11.04417671|810,3.11244980|330,-11.69113649|570,5.92713431|120,-3.72736954|300,6.49627263|480,-5.20778538|300,5.26038927|540,-6.66311301|960,3.41151386|330,-3.19148936|330,6.80851064|810,-5.68421053|1560,6.78947368|900,-24.47852761|8610,16.25766871|570,-5.51224944|210,5.79064588|690,-17.35639284|1380,4.07659049|120,-3.12117503|213,4.58996328|930,-8.30164766|1194,7.85804816|1041,7.85804816|1041","transactionList":[{},{},{},{},{},{},{},{},{},{},{},{},{},{},{},{},{},{},{},{},{},{},{},{},{},{},{},{},{},{},{},{},{},{},{},{},{},{},{},{},{},{},{},{},{},{},{},{},{},{},{},[{"m":false,"l":6057728,"M":true,"q":"33.00000000","a":4637225,"T":1593497820305,"p":"0.00000850","f":6057728},{"m":false,"l":6057729,"M":true,"q":"33.00000000","a":4637226,"T":1593497820306,"p":"0.00000850","f":6057729},{"m":false,"l":6057734,"M":true,"q":"962.00000000","a":4637227,"T":1593497873554,"p":"0.00000850","f":6057730},{"m":false,"l":6057736,"M":true,"q":"188.00000000","a":4637228,"T":1593497873554,"p":"0.00000851","f":6057735},{"m":false,"l":6057739,"M":true,"q":"424.00000000","a":4637229,"T":1593497913316,"p":"0.00000851","f":6057737}]]},{"peak":"-10.26289181|3570,3.58948433|840,-11.21765877|11400,4.07092455|2940,-4.10859729|540,7.42081448|2310,-7.45971392|2640,6.84410646|1920,-12.48570339|360,11.13229127|3073","transactionList":[{},{},{},{},{},{},{},{},{},{}]},{"peak":"-2.36966825|120,4.26540284|360,-3.77358491|270,9.90566038|960,-7.37327189|300,5.99078341|690,-12.19512195|840,3.90243902|870,-3.39805825|420,14.56310680|1500,-11.84834123|2160,22.27488152|2460,-3.20000000|120,18.40000000|420,-8.42490842|330,3.66300366|60,-3.28467153|90,14.59854015|780,-12.14285714|420,7.85714286|240,-6.33802817|210,5.98591549|60,-4.87804878|210,15.33101045|810,-5.75079872|270,5.11182109|90,-5.78778135|510,3.53697749|90,-8.05369128|630,5.03355705|420,-10.60070671|1440,3.18021201|540,-5.79710145|480,14.13043478|510,-3.27868852|120,14.42622951|240,-4.49101796|90,9.28143713|210,-5.79710145|480,6.37681159|180,-6.68604651|240,3.48837209|210,-5.95238095|270,3.57142857|120,-6.09756098|180,10.97560976|210,-6.74486804|420,13.78299120|780,-32.87671233|300,4.79452055|150,-19.06614786|2130,3.50194553|240,-18.22222222|903,9.33333333|360,-4.23728814|432,9.74576271|162,-5.28455285|198,4.06504065|225,-7.56302521|1188","transactionList":[{},{},{},{},{},{},{},{},{},{},{},{},{},{},{},{},{},{},{},{},{},{},{},{},{},{},{},{},{},{},{},{},{},{},{},{},{},{},{},{},{},{},{},{},{},{},{},{},{},{},{},{},{},{},{},{},{},{},{}]},{"peak":"-3.80761523|240,5.41082164|390,-3.54330709|180,9.44881890|810,-4.11985019|60,12.54681648|360,-5.06993007|30,21.85314685|330,-7.06605223|30,44.23963134|180,-15.07352941|450,16.66666667|90,-7.93650794|60,3.51473923|60,-11.88725490|150,11.15196078|120,-15.68877551|300,3.57142857|30,-3.70370370|30,3.57598978|60,-4.64516129|90,3.35483871|60,-3.75647668|150,5.44041451|90,-12.43093923|1020,10.91160221|420,-14.55064194|1020,7.56062767|450,-5.30726257|390,4.60893855|300,-5.04908836|240,15.56802244|150,-5.50576184|150,5.76184379|180,-13.93103448|660,11.03448276|330,-9.97267760|480,9.69945355|1590,-3.21336761|60,4.62724936|90,-20.77151335|2310,3.70919881|600,-4.01785714|450,4.76190476|480,-7.48091603|990,5.64885496|210,-4.06015038|270,9.92481203|1020,-7.34214391|870,7.63582966|90,-11.56773212|1050,4.10958904|1110,-14.76510067|3240,3.02013423|510,-7.15532286|600,3.31588133|330,-8.62385321|981,19.81651376|792,-10.11804384|384,6.23946037|207,-5.70469799|132,6.37583893|357,-3.59477124|105,7.02614379|209,-4.96794872|115,9.29487179|427,-3.33333333|39,6.81818182|368,15.30303030|485,-7.63790665|39,4.80905233|68,-8.81057269|118,4.11160059|18","transactionList":[{},{},{},{},{},{},{},{},{},{},{},{},{},{},{},{},{},{},{},{},{},{},{},{},{},{},{},{},{},{},{},{},{},{},{},{},{},{},{},{},{},{},{},{},{},{},{},{},{},{},{},{},{},{},{},{},{},{},{},{},{},{},{},{},{},{},{},{},[{"m":false,"E":1593504169430,"l":539582,"M":true,"q":"19046.00000000","s":"CHRBTC","a":338497,"T":1593504169428,"e":"aggTrade","p":"0.00000372","f":539581},{"m":true,"E":1593504169517,"l":539583,"M":true,"q":"3735.00000000","s":"CHRBTC","a":338498,"T":1593504169516,"e":"aggTrade","p":"0.00000372","f":539583},{"m":false,"E":1593504169863,"l":539585,"M":true,"q":"92156.00000000","s":"CHRBTC","a":338499,"T":1593504169861,"e":"aggTrade","p":"0.00000373","f":539584},{"m":false,"E":1593504170810,"l":539586,"M":true,"q":"60054.00000000","s":"CHRBTC","a":338500,"T":1593504170808,"e":"aggTrade","p":"0.00000373","f":539586},{"m":false,"E":1593504170810,"l":539597,"M":true,"q":"73415.00000000","s":"CHRBTC","a":338501,"T":1593504170808,"e":"aggTrade","p":"0.00000374","f":539587},{"m":true,"E":1593504170815,"l":539598,"M":true,"q":"13119.00000000","s":"CHRBTC","a":338502,"T":1593504170814,"e":"aggTrade","p":"0.00000374","f":539598},{"m":true,"E":1593504171024,"l":539599,"M":true,"q":"1279.00000000","s":"CHRBTC","a":338503,"T":1593504171023,"e":"aggTrade","p":"0.00000372","f":539599},{"m":false,"E":1593504172824,"l":539600,"M":true,"q":"2778.00000000","s":"CHRBTC","a":338504,"T":1593504172823,"e":"aggTrade","p":"0.00000374","f":539600},{"m":true,"E":1593504174089,"l":539601,"M":true,"q":"3116.00000000","s":"CHRBTC","a":338505,"T":1593504174088,"e":"aggTrade","p":"0.00000373","f":539601},{"m":false,"E":1593504174316,"l":539603,"M":true,"q":"4194.00000000","s":"CHRBTC","a":338506,"T":1593504174315,"e":"aggTrade","p":"0.00000375","f":539602},{"m":false,"E":1593504174338,"l":539604,"M":true,"q":"54.00000000","s":"CHRBTC","a":338507,"T":1593504174336,"e":"aggTrade","p":"0.00000375","f":539604},{"m":false,"E":1593504175533,"l":539622,"M":true,"q":"61230.00000000","s":"CHRBTC","a":338508,"T":1593504175527,"e":"aggTrade","p":"0.00000375","f":539605},{"m":false,"E":1593504175533,"l":539646,"M":true,"q":"131687.00000000","s":"CHRBTC","a":338509,"T":1593504175527,"e":"aggTrade","p":"0.00000376","f":539623},{"m":true,"E":1593504175540,"l":539647,"M":true,"q":"1105130.00000000","s":"CHRBTC","a":338510,"T":1593504175537,"e":"aggTrade","p":"0.00000376","f":539647},{"m":false,"E":1593504175778,"l":539648,"M":true,"q":"84.00000000","s":"CHRBTC","a":338511,"T":1593504175777,"e":"aggTrade","p":"0.00000375","f":539648},{"m":false,"E":1593504175803,"l":539649,"M":true,"q":"4594.00000000","s":"CHRBTC","a":338512,"T":1593504175802,"e":"aggTrade","p":"0.00000375","f":539649},{"m":false,"E":1593504176667,"l":539650,"M":true,"q":"628.00000000","s":"CHRBTC","a":338513,"T":1593504176666,"e":"aggTrade","p":"0.00000376","f":539650},{"m":false,"E":1593504177716,"l":539651,"M":true,"q":"54.00000000","s":"CHRBTC","a":338514,"T":1593504177715,"e":"aggTrade","p":"0.00000375","f":539651},{"m":false,"E":1593504178131,"l":539652,"M":true,"q":"27.00000000","s":"CHRBTC","a":338515,"T":1593504178130,"e":"aggTrade","p":"0.00000375","f":539652},{"m":false,"E":1593504178162,"l":539653,"M":true,"q":"59.00000000","s":"CHRBTC","a":338516,"T":1593504178161,"e":"aggTrade","p":"0.00000375","f":539653},{"m":false,"E":1593504178587,"l":539654,"M":true,"q":"88.00000000","s":"CHRBTC","a":338517,"T":1593504178586,"e":"aggTrade","p":"0.00000375","f":539654},{"m":true,"E":1593504178663,"l":539655,"M":true,"q":"24427.00000000","s":"CHRBTC","a":338518,"T":1593504178662,"e":"aggTrade","p":"0.00000375","f":539655},{"m":false,"E":1593504178766,"l":539657,"M":true,"q":"5774.00000000","s":"CHRBTC","a":338519,"T":1593504178764,"e":"aggTrade","p":"0.00000376","f":539656},{"m":false,"E":1593504179241,"l":539658,"M":true,"q":"4753.00000000","s":"CHRBTC","a":338520,"T":1593504179240,"e":"aggTrade","p":"0.00000376","f":539658},{"m":true,"E":1593504179923,"l":539659,"M":true,"q":"590.00000000","s":"CHRBTC","a":338521,"T":1593504179922,"e":"aggTrade","p":"0.00000375","f":539659},{"m":true,"E":1593504179973,"l":539660,"M":true,"q":"260.00000000","s":"CHRBTC","a":338522,"T":1593504179972,"e":"aggTrade","p":"0.00000375","f":539660},{"m":false,"E":1593504181048,"l":539667,"M":true,"q":"20379.00000000","s":"CHRBTC","a":338523,"T":1593504181046,"e":"aggTrade","p":"0.00000377","f":539661},{"m":true,"E":1593504181330,"l":539668,"M":true,"q":"29.00000000","s":"CHRBTC","a":338524,"T":1593504181329,"e":"aggTrade","p":"0.00000375","f":539668},{"m":false,"E":1593504181333,"l":539669,"M":true,"q":"97.00000000","s":"CHRBTC","a":338525,"T":1593504181332,"e":"aggTrade","p":"0.00000377","f":539669},{"m":false,"E":1593504181396,"l":539670,"M":true,"q":"3539.00000000","s":"CHRBTC","a":338526,"T":1593504181395,"e":"aggTrade","p":"0.00000377","f":539670},{"m":false,"E":1593504181491,"l":539671,"M":true,"q":"97.00000000","s":"CHRBTC","a":338527,"T":1593504181490,"e":"aggTrade","p":"0.00000377","f":539671},{"m":false,"E":1593504181839,"l":539672,"M":true,"q":"97.00000000","s":"CHRBTC","a":338528,"T":1593504181838,"e":"aggTrade","p":"0.00000377","f":539672},{"m":false,"E":1593504182019,"l":539673,"M":true,"q":"97.00000000","s":"CHRBTC","a":338529,"T":1593504182018,"e":"aggTrade","p":"0.00000377","f":539673},{"m":false,"E":1593504182390,"l":539674,"M":true,"q":"97.00000000","s":"CHRBTC","a":338530,"T":1593504182389,"e":"aggTrade","p":"0.00000377","f":539674},{"m":false,"E":1593504182686,"l":539675,"M":true,"q":"97.00000000","s":"CHRBTC","a":338531,"T":1593504182685,"e":"aggTrade","p":"0.00000377","f":539675},{"m":true,"E":1593504182908,"l":539676,"M":true,"q":"6313.00000000","s":"CHRBTC","a":338532,"T":1593504182907,"e":"aggTrade","p":"0.00000376","f":539676},{"m":false,"E":1593504182926,"l":539677,"M":true,"q":"80.00000000","s":"CHRBTC","a":338533,"T":1593504182925,"e":"aggTrade","p":"0.00000376","f":539677},{"m":false,"E":1593504182968,"l":539678,"M":true,"q":"10578.00000000","s":"CHRBTC","a":338534,"T":1593504182967,"e":"aggTrade","p":"0.00000376","f":539678},{"m":false,"E":1593504182977,"l":539679,"M":true,"q":"32232.00000000","s":"CHRBTC","a":338535,"T":1593504182975,"e":"aggTrade","p":"0.00000376","f":539679},{"m":false,"E":1593504182978,"l":539680,"M":true,"q":"32232.00000000","s":"CHRBTC","a":338536,"T":1593504182976,"e":"aggTrade","p":"0.00000376","f":539680},{"m":false,"E":1593504182981,"l":539681,"M":true,"q":"10721.00000000","s":"CHRBTC","a":338537,"T":1593504182979,"e":"aggTrade","p":"0.00000376","f":539681},{"m":false,"E":1593504183184,"l":539682,"M":true,"q":"97.00000000","s":"CHRBTC","a":338538,"T":1593504183183,"e":"aggTrade","p":"0.00000377","f":539682},{"m":true,"E":1593504183461,"l":539683,"M":true,"q":"1452.00000000","s":"CHRBTC","a":338539,"T":1593504183460,"e":"aggTrade","p":"0.00000376","f":539683},{"m":false,"E":1593504183684,"l":539684,"M":true,"q":"97.00000000","s":"CHRBTC","a":338540,"T":1593504183683,"e":"aggTrade","p":"0.00000377","f":539684},{"m":false,"E":1593504183964,"l":539685,"M":true,"q":"1326.00000000","s":"CHRBTC","a":338541,"T":1593504183963,"e":"aggTrade","p":"0.00000377","f":539685},{"m":true,"E":1593504183984,"l":539686,"M":true,"q":"2.00000000","s":"CHRBTC","a":338542,"T":1593504183983,"e":"aggTrade","p":"0.00000376","f":539686},{"m":false,"E":1593504184452,"l":539687,"M":true,"q":"225.00000000","s":"CHRBTC","a":338543,"T":1593504184451,"e":"aggTrade","p":"0.00000377","f":539687},{"m":true,"E":1593504184980,"l":539688,"M":true,"q":"350.00000000","s":"CHRBTC","a":338544,"T":1593504184978,"e":"aggTrade","p":"0.00000375","f":539688},{"m":false,"E":1593504185584,"l":539689,"M":true,"q":"10476.00000000","s":"CHRBTC","a":338545,"T":1593504185583,"e":"aggTrade","p":"0.00000377","f":539689},{"m":false,"E":1593504186328,"l":539690,"M":true,"q":"3455.00000000","s":"CHRBTC","a":338546,"T":1593504186327,"e":"aggTrade","p":"0.00000377","f":539690},{"m":true,"E":1593504189750,"l":539691,"M":true,"q":"8579.00000000","s":"CHRBTC","a":338547,"T":1593504189749,"e":"aggTrade","p":"0.00000376","f":539691},{"m":true,"E":1593504190623,"l":539692,"M":true,"q":"225.00000000","s":"CHRBTC","a":338548,"T":1593504190622,"e":"aggTrade","p":"0.00000376","f":539692},{"m":false,"E":1593504190669,"l":539693,"M":true,"q":"83.00000000","s":"CHRBTC","a":338549,"T":1593504190668,"e":"aggTrade","p":"0.00000377","f":539693},{"m":false,"E":1593504190677,"l":539694,"M":true,"q":"708.00000000","s":"CHRBTC","a":338550,"T":1593504190676,"e":"aggTrade","p":"0.00000377","f":539694},{"m":false,"E":1593504190727,"l":539695,"M":true,"q":"266.00000000","s":"CHRBTC","a":338551,"T":1593504190726,"e":"aggTrade","p":"0.00000377","f":539695},{"m":false,"E":1593504191118,"l":539696,"M":true,"q":"2653.00000000","s":"CHRBTC","a":338552,"T":1593504191117,"e":"aggTrade","p":"0.00000377","f":539696},{"m":false,"E":1593504191970,"l":539697,"M":true,"q":"811.00000000","s":"CHRBTC","a":338553,"T":1593504191969,"e":"aggTrade","p":"0.00000377","f":539697},{"m":false,"E":1593504193614,"l":539710,"M":true,"q":"242174.00000000","s":"CHRBTC","a":338554,"T":1593504193611,"e":"aggTrade","p":"0.00000377","f":539698},{"m":false,"E":1593504194644,"l":539713,"M":true,"q":"50000.00000000","s":"CHRBTC","a":338555,"T":1593504194643,"e":"aggTrade","p":"0.00000378","f":539711},{"m":true,"E":1593504194980,"l":539714,"M":true,"q":"58.00000000","s":"CHRBTC","a":338556,"T":1593504194978,"e":"aggTrade","p":"0.00000377","f":539714},{"m":true,"E":1593504195192,"l":539715,"M":true,"q":"472.00000000","s":"CHRBTC","a":338557,"T":1593504195191,"e":"aggTrade","p":"0.00000377","f":539715},{"m":false,"E":1593504195837,"l":539716,"M":true,"q":"36972.00000000","s":"CHRBTC","a":338558,"T":1593504195836,"e":"aggTrade","p":"0.00000378","f":539716},{"m":true,"E":1593504197584,"l":539717,"M":true,"q":"764.00000000","s":"CHRBTC","a":338559,"T":1593504197582,"e":"aggTrade","p":"0.00000377","f":539717},{"m":false,"E":1593504200267,"l":539718,"M":true,"q":"3092.00000000","s":"CHRBTC","a":338560,"T":1593504200266,"e":"aggTrade","p":"0.00000378","f":539718},{"m":false,"E":1593504200343,"l":539719,"M":true,"q":"4325.00000000","s":"CHRBTC","a":338561,"T":1593504200342,"e":"aggTrade","p":"0.00000378","f":539719},{"m":false,"E":1593504200476,"l":539720,"M":true,"q":"832.00000000","s":"CHRBTC","a":338562,"T":1593504200475,"e":"aggTrade","p":"0.00000378","f":539720},{"m":false,"E":1593504201886,"l":539721,"M":true,"q":"358.00000000","s":"CHRBTC","a":338563,"T":1593504201885,"e":"aggTrade","p":"0.00000378","f":539721},{"m":false,"E":1593504202903,"l":539722,"M":true,"q":"4927.00000000","s":"CHRBTC","a":338564,"T":1593504202902,"e":"aggTrade","p":"0.00000378","f":539722},{"m":false,"E":1593504203343,"l":539723,"M":true,"q":"116818.00000000","s":"CHRBTC","a":338565,"T":1593504203342,"e":"aggTrade","p":"0.00000378","f":539723},{"m":false,"E":1593504203510,"l":539724,"M":true,"q":"9226.00000000","s":"CHRBTC","a":338566,"T":1593504203509,"e":"aggTrade","p":"0.00000378","f":539724},{"m":false,"E":1593504204052,"l":539725,"M":true,"q":"367.00000000","s":"CHRBTC","a":338567,"T":1593504204051,"e":"aggTrade","p":"0.00000378","f":539725},{"m":false,"E":1593504204136,"l":539726,"M":true,"q":"1549.00000000","s":"CHRBTC","a":338568,"T":1593504204135,"e":"aggTrade","p":"0.00000378","f":539726},{"m":false,"E":1593504204661,"l":539737,"M":true,"q":"60857.00000000","s":"CHRBTC","a":338569,"T":1593504204659,"e":"aggTrade","p":"0.00000378","f":539727},{"m":false,"E":1593504205153,"l":539741,"M":true,"q":"6407.00000000","s":"CHRBTC","a":338570,"T":1593504205151,"e":"aggTrade","p":"0.00000379","f":539738},{"m":false,"E":1593504205922,"l":539746,"M":true,"q":"8260.00000000","s":"CHRBTC","a":338571,"T":1593504205921,"e":"aggTrade","p":"0.00000379","f":539742},{"m":false,"E":1593504206667,"l":539747,"M":true,"q":"545.00000000","s":"CHRBTC","a":338572,"T":1593504206665,"e":"aggTrade","p":"0.00000379","f":539747},{"m":true,"E":1593504207480,"l":539748,"M":true,"q":"1177.00000000","s":"CHRBTC","a":338573,"T":1593504207478,"e":"aggTrade","p":"0.00000378","f":539748},{"m":false,"E":1593504208100,"l":539749,"M":true,"q":"53.00000000","s":"CHRBTC","a":338574,"T":1593504208099,"e":"aggTrade","p":"0.00000379","f":539749},{"m":false,"E":1593504208490,"l":539750,"M":true,"q":"53.00000000","s":"CHRBTC","a":338575,"T":1593504208489,"e":"aggTrade","p":"0.00000379","f":539750},{"m":false,"E":1593504209500,"l":539751,"M":true,"q":"87.00000000","s":"CHRBTC","a":338576,"T":1593504209499,"e":"aggTrade","p":"0.00000379","f":539751},{"m":false,"E":1593504209500,"l":539753,"M":true,"q":"1052.00000000","s":"CHRBTC","a":338577,"T":1593504209499,"e":"aggTrade","p":"0.00000380","f":539752},{"m":true,"E":1593504210984,"l":539754,"M":true,"q":"352.00000000","s":"CHRBTC","a":338578,"T":1593504210983,"e":"aggTrade","p":"0.00000379","f":539754},{"m":false,"E":1593504213321,"l":539755,"M":true,"q":"264.00000000","s":"CHRBTC","a":338579,"T":1593504213320,"e":"aggTrade","p":"0.00000380","f":539755},{"m":false,"E":1593504215733,"l":539756,"M":true,"q":"1076.00000000","s":"CHRBTC","a":338580,"T":1593504215732,"e":"aggTrade","p":"0.00000380","f":539756},{"m":false,"E":1593504217340,"l":539757,"M":true,"q":"27.00000000","s":"CHRBTC","a":338581,"T":1593504217339,"e":"aggTrade","p":"0.00000380","f":539757},{"m":false,"E":1593504218869,"l":539789,"M":true,"q":"39514.00000000","s":"CHRBTC","a":338582,"T":1593504218864,"e":"aggTrade","p":"0.00000380","f":539758},{"m":true,"E":1593504219195,"l":539791,"M":true,"q":"5384.00000000","s":"CHRBTC","a":338583,"T":1593504219194,"e":"aggTrade","p":"0.00000379","f":539790},{"m":false,"E":1593504219543,"l":539793,"M":true,"q":"4542.00000000","s":"CHRBTC","a":338584,"T":1593504219542,"e":"aggTrade","p":"0.00000379","f":539792},{"m":false,"E":1593504220130,"l":539794,"M":true,"q":"2844.00000000","s":"CHRBTC","a":338585,"T":1593504220129,"e":"aggTrade","p":"0.00000379","f":539794},{"m":true,"E":1593504220447,"l":539795,"M":true,"q":"271.00000000","s":"CHRBTC","a":338586,"T":1593504220445,"e":"aggTrade","p":"0.00000378","f":539795},{"m":true,"E":1593504220459,"l":539798,"M":true,"q":"107.00000000","s":"CHRBTC","a":338587,"T":1593504220457,"e":"aggTrade","p":"0.00000378","f":539796},{"m":true,"E":1593504220459,"l":539799,"M":true,"q":"3970.00000000","s":"CHRBTC","a":338588,"T":1593504220457,"e":"aggTrade","p":"0.00000377","f":539799},{"m":true,"E":1593504220459,"l":539800,"M":true,"q":"27.00000000","s":"CHRBTC","a":338589,"T":1593504220457,"e":"aggTrade","p":"0.00000377","f":539800},{"m":true,"E":1593504220471,"l":539801,"M":true,"q":"270.00000000","s":"CHRBTC","a":338590,"T":1593504220470,"e":"aggTrade","p":"0.00000377","f":539801},{"m":true,"E":1593504220472,"l":539802,"M":true,"q":"1027.00000000","s":"CHRBTC","a":338591,"T":1593504220471,"e":"aggTrade","p":"0.00000377","f":539802},{"m":false,"E":1593504220635,"l":539804,"M":true,"q":"23835.00000000","s":"CHRBTC","a":338592,"T":1593504220634,"e":"aggTrade","p":"0.00000379","f":539803},{"m":true,"E":1593504220838,"l":539805,"M":true,"q":"36972.00000000","s":"CHRBTC","a":338593,"T":1593504220837,"e":"aggTrade","p":"0.00000379","f":539805},{"m":true,"E":1593504220969,"l":539806,"M":true,"q":"1612.00000000","s":"CHRBTC","a":338594,"T":1593504220968,"e":"aggTrade","p":"0.00000379","f":539806},{"m":true,"E":1593504224863,"l":539807,"M":true,"q":"1297.00000000","s":"CHRBTC","a":338595,"T":1593504224862,"e":"aggTrade","p":"0.00000379","f":539807},{"m":false,"E":1593504227422,"l":539816,"M":true,"q":"45133.00000000","s":"CHRBTC","a":338596,"T":1593504227420,"e":"aggTrade","p":"0.00000380","f":539808},{"m":true,"E":1593504227983,"l":539817,"M":true,"q":"112.00000000","s":"CHRBTC","a":338597,"T":1593504227982,"e":"aggTrade","p":"0.00000380","f":539817},{"m":false,"E":1593504228810,"l":539819,"M":true,"q":"263.00000000","s":"CHRBTC","a":338598,"T":1593504228809,"e":"aggTrade","p":"0.00000381","f":539818},{"m":true,"E":1593504232962,"l":539820,"M":true,"q":"973.00000000","s":"CHRBTC","a":338599,"T":1593504232961,"e":"aggTrade","p":"0.00000380","f":539820},{"m":false,"E":1593504236402,"l":539823,"M":true,"q":"1160.00000000","s":"CHRBTC","a":338600,"T":1593504236401,"e":"aggTrade","p":"0.00000381","f":539821},{"m":false,"E":1593504238288,"l":539824,"M":true,"q":"1408.00000000","s":"CHRBTC","a":338601,"T":1593504238287,"e":"aggTrade","p":"0.00000381","f":539824},{"m":false,"E":1593504239289,"l":539827,"M":true,"q":"2675.00000000","s":"CHRBTC","a":338602,"T":1593504239287,"e":"aggTrade","p":"0.00000381","f":539825},{"m":false,"E":1593504241719,"l":539832,"M":true,"q":"14492.00000000","s":"CHRBTC","a":338603,"T":1593504241718,"e":"aggTrade","p":"0.00000381","f":539828},{"m":true,"E":1593504242005,"l":539833,"M":true,"q":"29.00000000","s":"CHRBTC","a":338604,"T":1593504242004,"e":"aggTrade","p":"0.00000380","f":539833},{"m":false,"E":1593504242360,"l":539835,"M":true,"q":"9657.00000000","s":"CHRBTC","a":338605,"T":1593504242359,"e":"aggTrade","p":"0.00000381","f":539834},{"m":true,"E":1593504243774,"l":539836,"M":true,"q":"973.00000000","s":"CHRBTC","a":338606,"T":1593504243773,"e":"aggTrade","p":"0.00000380","f":539836},{"m":true,"E":1593504244761,"l":539837,"M":true,"q":"1084.00000000","s":"CHRBTC","a":338607,"T":1593504244759,"e":"aggTrade","p":"0.00000380","f":539837},{"m":false,"E":1593504245872,"l":539838,"M":true,"q":"3205.00000000","s":"CHRBTC","a":338608,"T":1593504245871,"e":"aggTrade","p":"0.00000381","f":539838},{"m":false,"E":1593504246129,"l":539839,"M":true,"q":"1600.00000000","s":"CHRBTC","a":338609,"T":1593504246128,"e":"aggTrade","p":"0.00000381","f":539839},{"m":false,"E":1593504248209,"l":539840,"M":true,"q":"1600.00000000","s":"CHRBTC","a":338610,"T":1593504248208,"e":"aggTrade","p":"0.00000381","f":539840},{"m":false,"E":1593504249670,"l":539841,"M":true,"q":"1600.00000000","s":"CHRBTC","a":338611,"T":1593504249669,"e":"aggTrade","p":"0.00000381","f":539841},{"m":false,"E":1593504249694,"l":539842,"M":true,"q":"6251.00000000","s":"CHRBTC","a":338612,"T":1593504249692,"e":"aggTrade","p":"0.00000381","f":539842},{"m":true,"E":1593504251782,"l":539843,"M":true,"q":"500.00000000","s":"CHRBTC","a":338613,"T":1593504251781,"e":"aggTrade","p":"0.00000380","f":539843},{"m":false,"E":1593504252718,"l":539844,"M":true,"q":"32.00000000","s":"CHRBTC","a":338614,"T":1593504252717,"e":"aggTrade","p":"0.00000381","f":539844},{"m":false,"E":1593504256748,"l":539845,"M":true,"q":"2060.00000000","s":"CHRBTC","a":338615,"T":1593504256747,"e":"aggTrade","p":"0.00000381","f":539845},{"m":false,"E":1593504257774,"l":539846,"M":true,"q":"3414.00000000","s":"CHRBTC","a":338616,"T":1593504257773,"e":"aggTrade","p":"0.00000381","f":539846},{"m":false,"E":1593504260656,"l":539853,"M":true,"q":"10084.00000000","s":"CHRBTC","a":338617,"T":1593504260654,"e":"aggTrade","p":"0.00000381","f":539847},{"m":false,"E":1593504260903,"l":539854,"M":true,"q":"322.00000000","s":"CHRBTC","a":338618,"T":1593504260902,"e":"aggTrade","p":"0.00000381","f":539854},{"m":true,"E":1593504261122,"l":539856,"M":true,"q":"11000.00000000","s":"CHRBTC","a":338619,"T":1593504261121,"e":"aggTrade","p":"0.00000380","f":539855},{"m":false,"E":1593504261156,"l":539857,"M":true,"q":"10.00000000","s":"CHRBTC","a":338620,"T":1593504261155,"e":"aggTrade","p":"0.00000381","f":539857},{"m":true,"E":1593504262180,"l":539858,"M":true,"q":"18.00000000","s":"CHRBTC","a":338621,"T":1593504262179,"e":"aggTrade","p":"0.00000380","f":539858},{"m":false,"E":1593504262900,"l":539859,"M":true,"q":"294.00000000","s":"CHRBTC","a":338622,"T":1593504262899,"e":"aggTrade","p":"0.00000380","f":539859},{"m":true,"E":1593504262970,"l":539864,"M":true,"q":"10383.00000000","s":"CHRBTC","a":338623,"T":1593504262969,"e":"aggTrade","p":"0.00000379","f":539860},{"m":false,"E":1593504263636,"l":539865,"M":true,"q":"53.00000000","s":"CHRBTC","a":338624,"T":1593504263634,"e":"aggTrade","p":"0.00000379","f":539865},{"m":false,"E":1593504263651,"l":539866,"M":true,"q":"53.00000000","s":"CHRBTC","a":338625,"T":1593504263649,"e":"aggTrade","p":"0.00000379","f":539866},{"m":true,"E":1593504263823,"l":539869,"M":true,"q":"256.00000000","s":"CHRBTC","a":338626,"T":1593504263822,"e":"aggTrade","p":"0.00000378","f":539867},{"m":true,"E":1593504263823,"l":539870,"M":true,"q":"3567.00000000","s":"CHRBTC","a":338627,"T":1593504263822,"e":"aggTrade","p":"0.00000377","f":539870},{"m":true,"E":1593504263823,"l":539871,"M":true,"q":"1345.00000000","s":"CHRBTC","a":338628,"T":1593504263822,"e":"aggTrade","p":"0.00000377","f":539871},{"m":true,"E":1593504263823,"l":539872,"M":true,"q":"1956.00000000","s":"CHRBTC","a":338629,"T":1593504263822,"e":"aggTrade","p":"0.00000377","f":539872},{"m":true,"E":1593504263824,"l":539873,"M":true,"q":"7881.00000000","s":"CHRBTC","a":338630,"T":1593504263822,"e":"aggTrade","p":"0.00000377","f":539873},{"m":true,"E":1593504263944,"l":539874,"M":true,"q":"807.00000000","s":"CHRBTC","a":338631,"T":1593504263943,"e":"aggTrade","p":"0.00000378","f":539874},{"m":true,"E":1593504264499,"l":539875,"M":true,"q":"273.00000000","s":"CHRBTC","a":338632,"T":1593504264498,"e":"aggTrade","p":"0.00000378","f":539875},{"m":true,"E":1593504264651,"l":539877,"M":true,"q":"7514.00000000","s":"CHRBTC","a":338633,"T":1593504264650,"e":"aggTrade","p":"0.00000378","f":539876},{"m":true,"E":1593504265581,"l":539878,"M":true,"q":"754.00000000","s":"CHRBTC","a":338634,"T":1593504265580,"e":"aggTrade","p":"0.00000378","f":539878},{"m":true,"E":1593504265866,"l":539879,"M":true,"q":"7237.00000000","s":"CHRBTC","a":338635,"T":1593504265865,"e":"aggTrade","p":"0.00000378","f":539879},{"m":false,"E":1593504267256,"l":539880,"M":true,"q":"1060.00000000","s":"CHRBTC","a":338636,"T":1593504267254,"e":"aggTrade","p":"0.00000378","f":539880},{"m":false,"E":1593504267462,"l":539881,"M":true,"q":"1323.00000000","s":"CHRBTC","a":338637,"T":1593504267461,"e":"aggTrade","p":"0.00000378","f":539881},{"m":true,"E":1593504267500,"l":539882,"M":true,"q":"3123.00000000","s":"CHRBTC","a":338638,"T":1593504267499,"e":"aggTrade","p":"0.00000377","f":539882},{"m":true,"E":1593504269050,"l":539883,"M":true,"q":"15486.00000000","s":"CHRBTC","a":338639,"T":1593504269049,"e":"aggTrade","p":"0.00000377","f":539883},{"m":true,"E":1593504269118,"l":539889,"M":true,"q":"3679.00000000","s":"CHRBTC","a":338640,"T":1593504269116,"e":"aggTrade","p":"0.00000377","f":539884},{"m":false,"E":1593504269815,"l":539890,"M":true,"q":"2027.00000000","s":"CHRBTC","a":338641,"T":1593504269814,"e":"aggTrade","p":"0.00000377","f":539890},{"m":false,"E":1593504270009,"l":539891,"M":true,"q":"1762.00000000","s":"CHRBTC","a":338642,"T":1593504270008,"e":"aggTrade","p":"0.00000377","f":539891},{"m":true,"E":1593504270361,"l":539893,"M":true,"q":"88.00000000","s":"CHRBTC","a":338643,"T":1593504270359,"e":"aggTrade","p":"0.00000376","f":539892},{"m":true,"E":1593504270361,"l":539902,"M":true,"q":"6236.00000000","s":"CHRBTC","a":338644,"T":1593504270359,"e":"aggTrade","p":"0.00000375","f":539894},{"m":true,"E":1593504270362,"l":539903,"M":true,"q":"2713.00000000","s":"CHRBTC","a":338645,"T":1593504270360,"e":"aggTrade","p":"0.00000375","f":539903},{"m":true,"E":1593504271225,"l":539904,"M":true,"q":"628.00000000","s":"CHRBTC","a":338646,"T":1593504271224,"e":"aggTrade","p":"0.00000375","f":539904},{"m":true,"E":1593504271292,"l":539905,"M":true,"q":"5435.00000000","s":"CHRBTC","a":338647,"T":1593504271291,"e":"aggTrade","p":"0.00000375","f":539905},{"m":true,"E":1593504272051,"l":539906,"M":true,"q":"7386.00000000","s":"CHRBTC","a":338648,"T":1593504272050,"e":"aggTrade","p":"0.00000375","f":539906},{"m":true,"E":1593504272224,"l":539907,"M":true,"q":"13649.00000000","s":"CHRBTC","a":338649,"T":1593504272222,"e":"aggTrade","p":"0.00000375","f":539907},{"m":true,"E":1593504273707,"l":539908,"M":true,"q":"1946.00000000","s":"CHRBTC","a":338650,"T":1593504273706,"e":"aggTrade","p":"0.00000375","f":539908},{"m":false,"E":1593504273766,"l":539909,"M":true,"q":"266.00000000","s":"CHRBTC","a":338651,"T":1593504273765,"e":"aggTrade","p":"0.00000376","f":539909},{"m":false,"E":1593504275288,"l":539910,"M":true,"q":"5131.00000000","s":"CHRBTC","a":338652,"T":1593504275286,"e":"aggTrade","p":"0.00000375","f":539910},{"m":true,"E":1593504275528,"l":539914,"M":true,"q":"660.00000000","s":"CHRBTC","a":338653,"T":1593504275526,"e":"aggTrade","p":"0.00000374","f":539911},{"m":true,"E":1593504275528,"l":539918,"M":true,"q":"846.00000000","s":"CHRBTC","a":338654,"T":1593504275526,"e":"aggTrade","p":"0.00000373","f":539915},{"m":false,"E":1593504275751,"l":539919,"M":true,"q":"322.00000000","s":"CHRBTC","a":338655,"T":1593504275750,"e":"aggTrade","p":"0.00000374","f":539919},{"m":false,"E":1593504275751,"l":539920,"M":true,"q":"1930.00000000","s":"CHRBTC","a":338656,"T":1593504275750,"e":"aggTrade","p":"0.00000375","f":539920},{"m":false,"E":1593504275980,"l":539921,"M":true,"q":"322.00000000","s":"CHRBTC","a":338657,"T":1593504275978,"e":"aggTrade","p":"0.00000375","f":539921},{"m":false,"E":1593504275980,"l":539923,"M":true,"q":"1278.00000000","s":"CHRBTC","a":338658,"T":1593504275978,"e":"aggTrade","p":"0.00000376","f":539922},{"m":false,"E":1593504277450,"l":539924,"M":true,"q":"999.00000000","s":"CHRBTC","a":338659,"T":1593504277449,"e":"aggTrade","p":"0.00000374","f":539924},{"m":false,"E":1593504277450,"l":539925,"M":true,"q":"601.00000000","s":"CHRBTC","a":338660,"T":1593504277449,"e":"aggTrade","p":"0.00000375","f":539925},{"m":false,"E":1593504277736,"l":539926,"M":true,"q":"994.00000000","s":"CHRBTC","a":338661,"T":1593504277735,"e":"aggTrade","p":"0.00000375","f":539926},{"m":true,"E":1593504278134,"l":539928,"M":true,"q":"1159.00000000","s":"CHRBTC","a":338662,"T":1593504278132,"e":"aggTrade","p":"0.00000373","f":539927},{"m":false,"E":1593504278956,"l":539929,"M":true,"q":"1600.00000000","s":"CHRBTC","a":338663,"T":1593504278955,"e":"aggTrade","p":"0.00000375","f":539929},{"m":false,"E":1593504278987,"l":539930,"M":true,"q":"352.00000000","s":"CHRBTC","a":338664,"T":1593504278986,"e":"aggTrade","p":"0.00000375","f":539930},{"m":true,"E":1593504279505,"l":539932,"M":true,"q":"3883.00000000","s":"CHRBTC","a":338665,"T":1593504279504,"e":"aggTrade","p":"0.00000373","f":539931},{"m":true,"E":1593504280225,"l":539935,"M":true,"q":"4708.00000000","s":"CHRBTC","a":338666,"T":1593504280224,"e":"aggTrade","p":"0.00000373","f":539933},{"m":false,"E":1593504280440,"l":539936,"M":true,"q":"11033.00000000","s":"CHRBTC","a":338667,"T":1593504280439,"e":"aggTrade","p":"0.00000374","f":539936},{"m":false,"E":1593504281030,"l":539937,"M":true,"q":"1600.00000000","s":"CHRBTC","a":338668,"T":1593504281029,"e":"aggTrade","p":"0.00000374","f":539937},{"m":false,"E":1593504281291,"l":539938,"M":true,"q":"267.00000000","s":"CHRBTC","a":338669,"T":1593504281290,"e":"aggTrade","p":"0.00000374","f":539938},{"m":false,"E":1593504282445,"l":539939,"M":true,"q":"1395.00000000","s":"CHRBTC","a":338670,"T":1593504282443,"e":"aggTrade","p":"0.00000374","f":539939},{"m":false,"E":1593504282445,"l":539942,"M":true,"q":"269.00000000","s":"CHRBTC","a":338671,"T":1593504282443,"e":"aggTrade","p":"0.00000375","f":539940},{"m":true,"E":1593504283104,"l":539954,"M":true,"q":"44653.00000000","s":"CHRBTC","a":338672,"T":1593504283101,"e":"aggTrade","p":"0.00000373","f":539943},{"m":true,"E":1593504283104,"l":539966,"M":true,"q":"245369.00000000","s":"CHRBTC","a":338673,"T":1593504283101,"e":"aggTrade","p":"0.00000372","f":539955},{"m":false,"E":1593504284174,"l":539968,"M":true,"q":"1600.00000000","s":"CHRBTC","a":338674,"T":1593504284172,"e":"aggTrade","p":"0.00000374","f":539967},{"m":false,"E":1593504284299,"l":539969,"M":true,"q":"3705.00000000","s":"CHRBTC","a":338675,"T":1593504284298,"e":"aggTrade","p":"0.00000374","f":539969},{"m":true,"E":1593504284375,"l":539972,"M":true,"q":"2105.00000000","s":"CHRBTC","a":338676,"T":1593504284374,"e":"aggTrade","p":"0.00000372","f":539970},{"m":true,"E":1593504284502,"l":539977,"M":true,"q":"2345.00000000","s":"CHRBTC","a":338677,"T":1593504284501,"e":"aggTrade","p":"0.00000371","f":539973},{"m":true,"E":1593504284515,"l":539979,"M":true,"q":"24127.00000000","s":"CHRBTC","a":338678,"T":1593504284514,"e":"aggTrade","p":"0.00000371","f":539978},{"m":false,"E":1593504284674,"l":539980,"M":true,"q":"75.00000000","s":"CHRBTC","a":338679,"T":1593504284673,"e":"aggTrade","p":"0.00000373","f":539980},{"m":true,"E":1593504285202,"l":539983,"M":true,"q":"640.00000000","s":"CHRBTC","a":338680,"T":1593504285200,"e":"aggTrade","p":"0.00000371","f":539981},{"m":false,"E":1593504285304,"l":539984,"M":true,"q":"7283.00000000","s":"CHRBTC","a":338681,"T":1593504285303,"e":"aggTrade","p":"0.00000371","f":539984},{"m":false,"E":1593504285634,"l":539985,"M":true,"q":"1600.00000000","s":"CHRBTC","a":338682,"T":1593504285633,"e":"aggTrade","p":"0.00000371","f":539985},{"m":false,"E":1593504285821,"l":539987,"M":true,"q":"185.00000000","s":"CHRBTC","a":338683,"T":1593504285820,"e":"aggTrade","p":"0.00000371","f":539986},{"m":false,"E":1593504285996,"l":539988,"M":true,"q":"352.00000000","s":"CHRBTC","a":338684,"T":1593504285995,"e":"aggTrade","p":"0.00000371","f":539988},{"m":true,"E":1593504286392,"l":539998,"M":true,"q":"100289.00000000","s":"CHRBTC","a":338685,"T":1593504286389,"e":"aggTrade","p":"0.00000370","f":539989},{"m":true,"E":1593504286392,"l":540004,"M":true,"q":"16412.00000000","s":"CHRBTC","a":338686,"T":1593504286389,"e":"aggTrade","p":"0.00000369","f":539999},{"m":true,"E":1593504286392,"l":540005,"M":true,"q":"603.00000000","s":"CHRBTC","a":338687,"T":1593504286389,"e":"aggTrade","p":"0.00000369","f":540005},{"m":false,"E":1593504286611,"l":540007,"M":true,"q":"2424.00000000","s":"CHRBTC","a":338688,"T":1593504286610,"e":"aggTrade","p":"0.00000371","f":540006},{"m":true,"E":1593504286977,"l":540008,"M":true,"q":"42056.00000000","s":"CHRBTC","a":338689,"T":1593504286975,"e":"aggTrade","p":"0.00000370","f":540008},{"m":true,"E":1593504286977,"l":540012,"M":true,"q":"36365.00000000","s":"CHRBTC","a":338690,"T":1593504286975,"e":"aggTrade","p":"0.00000369","f":540009},{"m":true,"E":1593504287048,"l":540013,"M":true,"q":"1303.00000000","s":"CHRBTC","a":338691,"T":1593504287046,"e":"aggTrade","p":"0.00000369","f":540013},{"m":false,"E":1593504287164,"l":540014,"M":true,"q":"1600.00000000","s":"CHRBTC","a":338692,"T":1593504287163,"e":"aggTrade","p":"0.00000372","f":540014},{"m":false,"E":1593504287182,"l":540015,"M":true,"q":"1740.00000000","s":"CHRBTC","a":338693,"T":1593504287181,"e":"aggTrade","p":"0.00000372","f":540015},{"m":false,"E":1593504287763,"l":540016,"M":true,"q":"900.00000000","s":"CHRBTC","a":338694,"T":1593504287762,"e":"aggTrade","p":"0.00000370","f":540016},{"m":false,"E":1593504287765,"l":540017,"M":true,"q":"544.00000000","s":"CHRBTC","a":338695,"T":1593504287764,"e":"aggTrade","p":"0.00000370","f":540017},{"m":false,"E":1593504287796,"l":540018,"M":true,"q":"588.00000000","s":"CHRBTC","a":338696,"T":1593504287794,"e":"aggTrade","p":"0.00000370","f":540018},{"m":false,"E":1593504287860,"l":540019,"M":true,"q":"1427.00000000","s":"CHRBTC","a":338697,"T":1593504287858,"e":"aggTrade","p":"0.00000370","f":540019},{"m":false,"E":1593504288160,"l":540020,"M":true,"q":"2950.00000000","s":"CHRBTC","a":338698,"T":1593504288159,"e":"aggTrade","p":"0.00000370","f":540020},{"m":false,"E":1593504288327,"l":540021,"M":true,"q":"9517.00000000","s":"CHRBTC","a":338699,"T":1593504288326,"e":"aggTrade","p":"0.00000370","f":540021}],[{"m":false,"E":1593506580720,"l":541339,"M":true,"q":"1019.00000000","s":"CHRBTC","a":339465,"T":1593506580720,"e":"aggTrade","p":"0.00000359","f":541339},{"m":true,"E":1593506580909,"l":541340,"M":true,"q":"33000.00000000","s":"CHRBTC","a":339466,"T":1593506580908,"e":"aggTrade","p":"0.00000358","f":541340},{"m":true,"E":1593506583555,"l":541341,"M":true,"q":"10341.00000000","s":"CHRBTC","a":339467,"T":1593506583554,"e":"aggTrade","p":"0.00000358","f":541341},{"m":true,"E":1593506583690,"l":541342,"M":true,"q":"2997.00000000","s":"CHRBTC","a":339468,"T":1593506583689,"e":"aggTrade","p":"0.00000357","f":541342},{"m":false,"E":1593506592166,"l":541343,"M":true,"q":"48650.00000000","s":"CHRBTC","a":339469,"T":1593506592165,"e":"aggTrade","p":"0.00000358","f":541343},{"m":true,"E":1593506600259,"l":541347,"M":true,"q":"19475.00000000","s":"CHRBTC","a":339470,"T":1593506600255,"e":"aggTrade","p":"0.00000357","f":541344},{"m":true,"E":1593506600259,"l":541363,"M":true,"q":"35896.00000000","s":"CHRBTC","a":339471,"T":1593506600255,"e":"aggTrade","p":"0.00000356","f":541348},{"m":true,"E":1593506600259,"l":541372,"M":true,"q":"169253.00000000","s":"CHRBTC","a":339472,"T":1593506600255,"e":"aggTrade","p":"0.00000355","f":541364},{"m":false,"E":1593506600265,"l":541373,"M":true,"q":"59212.00000000","s":"CHRBTC","a":339473,"T":1593506600263,"e":"aggTrade","p":"0.00000355","f":541373},{"m":false,"E":1593506600266,"l":541374,"M":true,"q":"7292.00000000","s":"CHRBTC","a":339474,"T":1593506600264,"e":"aggTrade","p":"0.00000355","f":541374},{"m":false,"E":1593506600276,"l":541375,"M":true,"q":"11.00000000","s":"CHRBTC","a":339475,"T":1593506600268,"e":"aggTrade","p":"0.00000358","f":541375},{"m":false,"E":1593506600333,"l":541376,"M":true,"q":"348.00000000","s":"CHRBTC","a":339476,"T":1593506600332,"e":"aggTrade","p":"0.00000357","f":541376},{"m":false,"E":1593506600728,"l":541377,"M":true,"q":"2731.00000000","s":"CHRBTC","a":339477,"T":1593506600726,"e":"aggTrade","p":"0.00000357","f":541377},{"m":false,"E":1593506601522,"l":541378,"M":true,"q":"60.00000000","s":"CHRBTC","a":339478,"T":1593506601521,"e":"aggTrade","p":"0.00000357","f":541378},{"m":false,"E":1593506602606,"l":541379,"M":true,"q":"2731.00000000","s":"CHRBTC","a":339479,"T":1593506602605,"e":"aggTrade","p":"0.00000357","f":541379},{"m":false,"E":1593506605000,"l":541380,"M":true,"q":"518.00000000","s":"CHRBTC","a":339480,"T":1593506604999,"e":"aggTrade","p":"0.00000357","f":541380},{"m":false,"E":1593506612851,"l":541381,"M":true,"q":"34.00000000","s":"CHRBTC","a":339481,"T":1593506612850,"e":"aggTrade","p":"0.00000357","f":541381},{"m":true,"E":1593506617379,"l":541383,"M":true,"q":"780.00000000","s":"CHRBTC","a":339482,"T":1593506617377,"e":"aggTrade","p":"0.00000356","f":541382},{"m":true,"E":1593506617556,"l":541387,"M":true,"q":"29975.00000000","s":"CHRBTC","a":339483,"T":1593506617555,"e":"aggTrade","p":"0.00000355","f":541384},{"m":true,"E":1593506617557,"l":541388,"M":true,"q":"4989.00000000","s":"CHRBTC","a":339484,"T":1593506617555,"e":"aggTrade","p":"0.00000355","f":541388},{"m":false,"E":1593506617869,"l":541389,"M":true,"q":"2568.00000000","s":"CHRBTC","a":339485,"T":1593506617868,"e":"aggTrade","p":"0.00000355","f":541389},{"m":false,"E":1593506618527,"l":541390,"M":true,"q":"479.00000000","s":"CHRBTC","a":339486,"T":1593506618526,"e":"aggTrade","p":"0.00000355","f":541390},{"m":false,"E":1593506618762,"l":541391,"M":true,"q":"607.00000000","s":"CHRBTC","a":339487,"T":1593506618760,"e":"aggTrade","p":"0.00000355","f":541391},{"m":false,"E":1593506619599,"l":541392,"M":true,"q":"37.00000000","s":"CHRBTC","a":339488,"T":1593506619598,"e":"aggTrade","p":"0.00000355","f":541392},{"m":true,"E":1593506621289,"l":541408,"M":true,"q":"18080.00000000","s":"CHRBTC","a":339489,"T":1593506621285,"e":"aggTrade","p":"0.00000354","f":541393},{"m":true,"E":1593506621289,"l":541409,"M":true,"q":"2655.00000000","s":"CHRBTC","a":339490,"T":1593506621285,"e":"aggTrade","p":"0.00000354","f":541409},{"m":true,"E":1593506621289,"l":541410,"M":true,"q":"1085.00000000","s":"CHRBTC","a":339491,"T":1593506621285,"e":"aggTrade","p":"0.00000354","f":541410},{"m":true,"E":1593506621300,"l":541412,"M":true,"q":"1904.00000000","s":"CHRBTC","a":339492,"T":1593506621299,"e":"aggTrade","p":"0.00000354","f":541411},{"m":true,"E":1593506621303,"l":541413,"M":true,"q":"122.00000000","s":"CHRBTC","a":339493,"T":1593506621302,"e":"aggTrade","p":"0.00000354","f":541413},{"m":false,"E":1593506622209,"l":541414,"M":true,"q":"3531.00000000","s":"CHRBTC","a":339494,"T":1593506622208,"e":"aggTrade","p":"0.00000354","f":541414},{"m":false,"E":1593506623529,"l":541415,"M":true,"q":"133.00000000","s":"CHRBTC","a":339495,"T":1593506623528,"e":"aggTrade","p":"0.00000355","f":541415},{"m":false,"E":1593506624556,"l":541416,"M":true,"q":"362.00000000","s":"CHRBTC","a":339496,"T":1593506624555,"e":"aggTrade","p":"0.00000354","f":541416},{"m":false,"E":1593506625210,"l":541417,"M":true,"q":"1530.00000000","s":"CHRBTC","a":339497,"T":1593506625209,"e":"aggTrade","p":"0.00000354","f":541417},{"m":true,"E":1593506631613,"l":541441,"M":true,"q":"136948.00000000","s":"CHRBTC","a":339498,"T":1593506631610,"e":"aggTrade","p":"0.00000353","f":541418},{"m":false,"E":1593506632215,"l":541442,"M":true,"q":"26001.00000000","s":"CHRBTC","a":339499,"T":1593506632214,"e":"aggTrade","p":"0.00000354","f":541442},{"m":false,"E":1593506633216,"l":541443,"M":true,"q":"810.00000000","s":"CHRBTC","a":339500,"T":1593506633215,"e":"aggTrade","p":"0.00000354","f":541443},{"m":true,"E":1593506635648,"l":541446,"M":true,"q":"1767.00000000","s":"CHRBTC","a":339501,"T":1593506635647,"e":"aggTrade","p":"0.00000353","f":541444},{"m":false,"E":1593506636807,"l":541447,"M":true,"q":"34.00000000","s":"CHRBTC","a":339502,"T":1593506636806,"e":"aggTrade","p":"0.00000355","f":541447},{"m":false,"E":1593506642059,"l":541448,"M":true,"q":"595.00000000","s":"CHRBTC","a":339503,"T":1593506642058,"e":"aggTrade","p":"0.00000354","f":541448},{"m":true,"E":1593506642539,"l":541450,"M":true,"q":"56623.00000000","s":"CHRBTC","a":339504,"T":1593506642537,"e":"aggTrade","p":"0.00000353","f":541449},{"m":true,"E":1593506642541,"l":541454,"M":true,"q":"20409.00000000","s":"CHRBTC","a":339505,"T":1593506642539,"e":"aggTrade","p":"0.00000353","f":541451},{"m":false,"E":1593506642543,"l":541455,"M":true,"q":"10.00000000","s":"CHRBTC","a":339506,"T":1593506642542,"e":"aggTrade","p":"0.00000354","f":541455},{"m":false,"E":1593506644284,"l":541456,"M":true,"q":"68.00000000","s":"CHRBTC","a":339507,"T":1593506644283,"e":"aggTrade","p":"0.00000354","f":541456},{"m":false,"E":1593506647555,"l":541458,"M":true,"q":"1600.00000000","s":"CHRBTC","a":339508,"T":1593506647553,"e":"aggTrade","p":"0.00000354","f":541457},{"m":false,"E":1593506648443,"l":541459,"M":true,"q":"6477.00000000","s":"CHRBTC","a":339509,"T":1593506648442,"e":"aggTrade","p":"0.00000354","f":541459},{"m":true,"E":1593506648960,"l":541460,"M":true,"q":"23981.00000000","s":"CHRBTC","a":339510,"T":1593506648959,"e":"aggTrade","p":"0.00000353","f":541460},{"m":false,"E":1593506649584,"l":541461,"M":true,"q":"1600.00000000","s":"CHRBTC","a":339511,"T":1593506649583,"e":"aggTrade","p":"0.00000355","f":541461},{"m":false,"E":1593506650473,"l":541470,"M":true,"q":"100804.00000000","s":"CHRBTC","a":339512,"T":1593506650471,"e":"aggTrade","p":"0.00000355","f":541462},{"m":true,"E":1593506650481,"l":541471,"M":true,"q":"424.00000000","s":"CHRBTC","a":339513,"T":1593506650479,"e":"aggTrade","p":"0.00000355","f":541471},{"m":true,"E":1593506650483,"l":541472,"M":true,"q":"869.00000000","s":"CHRBTC","a":339514,"T":1593506650479,"e":"aggTrade","p":"0.00000355","f":541472},{"m":true,"E":1593506650483,"l":541473,"M":true,"q":"1192.00000000","s":"CHRBTC","a":339515,"T":1593506650479,"e":"aggTrade","p":"0.00000355","f":541473},{"m":true,"E":1593506650484,"l":541474,"M":true,"q":"3531.00000000","s":"CHRBTC","a":339516,"T":1593506650480,"e":"aggTrade","p":"0.00000355","f":541474},{"m":true,"E":1593506650485,"l":541475,"M":true,"q":"1079.00000000","s":"CHRBTC","a":339517,"T":1593506650482,"e":"aggTrade","p":"0.00000355","f":541475},{"m":true,"E":1593506650486,"l":541476,"M":true,"q":"35194.00000000","s":"CHRBTC","a":339518,"T":1593506650483,"e":"aggTrade","p":"0.00000355","f":541476},{"m":false,"E":1593506651172,"l":541477,"M":true,"q":"1600.00000000","s":"CHRBTC","a":339519,"T":1593506651171,"e":"aggTrade","p":"0.00000355","f":541477},{"m":false,"E":1593506652118,"l":541478,"M":true,"q":"1545.00000000","s":"CHRBTC","a":339520,"T":1593506652117,"e":"aggTrade","p":"0.00000355","f":541478},{"m":false,"E":1593506652605,"l":541479,"M":true,"q":"172.00000000","s":"CHRBTC","a":339521,"T":1593506652604,"e":"aggTrade","p":"0.00000355","f":541479},{"m":false,"E":1593506652605,"l":541480,"M":true,"q":"1428.00000000","s":"CHRBTC","a":339522,"T":1593506652604,"e":"aggTrade","p":"0.00000356","f":541480},{"m":false,"E":1593506655176,"l":541481,"M":true,"q":"1600.00000000","s":"CHRBTC","a":339523,"T":1593506655175,"e":"aggTrade","p":"0.00000354","f":541481},{"m":false,"E":1593506656554,"l":541482,"M":true,"q":"1600.00000000","s":"CHRBTC","a":339524,"T":1593506656553,"e":"aggTrade","p":"0.00000356","f":541482},{"m":false,"E":1593506656669,"l":541483,"M":true,"q":"3294.00000000","s":"CHRBTC","a":339525,"T":1593506656668,"e":"aggTrade","p":"0.00000356","f":541483},{"m":false,"E":1593506656955,"l":541484,"M":true,"q":"2415.00000000","s":"CHRBTC","a":339526,"T":1593506656954,"e":"aggTrade","p":"0.00000356","f":541484},{"m":false,"E":1593506658180,"l":541485,"M":true,"q":"1600.00000000","s":"CHRBTC","a":339527,"T":1593506658179,"e":"aggTrade","p":"0.00000356","f":541485},{"m":false,"E":1593506659038,"l":541486,"M":true,"q":"7283.00000000","s":"CHRBTC","a":339528,"T":1593506659036,"e":"aggTrade","p":"0.00000356","f":541486},{"m":false,"E":1593506659840,"l":541487,"M":true,"q":"1600.00000000","s":"CHRBTC","a":339529,"T":1593506659839,"e":"aggTrade","p":"0.00000356","f":541487},{"m":false,"E":1593506661229,"l":541488,"M":true,"q":"1600.00000000","s":"CHRBTC","a":339530,"T":1593506661227,"e":"aggTrade","p":"0.00000356","f":541488},{"m":false,"E":1593506662606,"l":541489,"M":true,"q":"1600.00000000","s":"CHRBTC","a":339531,"T":1593506662605,"e":"aggTrade","p":"0.00000356","f":541489},{"m":false,"E":1593506663621,"l":541490,"M":true,"q":"7100.00000000","s":"CHRBTC","a":339532,"T":1593506663620,"e":"aggTrade","p":"0.00000355","f":541490},{"m":false,"E":1593506663966,"l":541491,"M":true,"q":"1600.00000000","s":"CHRBTC","a":339533,"T":1593506663964,"e":"aggTrade","p":"0.00000355","f":541491},{"m":false,"E":1593506665446,"l":541492,"M":true,"q":"1724.00000000","s":"CHRBTC","a":339534,"T":1593506665445,"e":"aggTrade","p":"0.00000355","f":541492},{"m":false,"E":1593506666116,"l":541493,"M":true,"q":"1600.00000000","s":"CHRBTC","a":339535,"T":1593506666115,"e":"aggTrade","p":"0.00000355","f":541493},{"m":true,"E":1593506667177,"l":541497,"M":true,"q":"48416.00000000","s":"CHRBTC","a":339536,"T":1593506667176,"e":"aggTrade","p":"0.00000354","f":541494},{"m":false,"E":1593506667220,"l":541498,"M":true,"q":"80.00000000","s":"CHRBTC","a":339537,"T":1593506667219,"e":"aggTrade","p":"0.00000354","f":541498},{"m":false,"E":1593506668145,"l":541499,"M":true,"q":"29.00000000","s":"CHRBTC","a":339538,"T":1593506668144,"e":"aggTrade","p":"0.00000355","f":541499},{"m":false,"E":1593506670530,"l":541500,"M":true,"q":"1181.00000000","s":"CHRBTC","a":339539,"T":1593506670529,"e":"aggTrade","p":"0.00000355","f":541500},{"m":false,"E":1593506671781,"l":541501,"M":true,"q":"1600.00000000","s":"CHRBTC","a":339540,"T":1593506671780,"e":"aggTrade","p":"0.00000355","f":541501},{"m":false,"E":1593506674367,"l":541502,"M":true,"q":"1600.00000000","s":"CHRBTC","a":339541,"T":1593506674366,"e":"aggTrade","p":"0.00000355","f":541502},{"m":false,"E":1593506674928,"l":541503,"M":true,"q":"4106.00000000","s":"CHRBTC","a":339542,"T":1593506674926,"e":"aggTrade","p":"0.00000355","f":541503},{"m":false,"E":1593506675301,"l":541506,"M":true,"q":"23872.00000000","s":"CHRBTC","a":339543,"T":1593506675300,"e":"aggTrade","p":"0.00000355","f":541504},{"m":false,"E":1593506675899,"l":541507,"M":true,"q":"1600.00000000","s":"CHRBTC","a":339544,"T":1593506675898,"e":"aggTrade","p":"0.00000355","f":541507},{"m":false,"E":1593506676249,"l":541508,"M":true,"q":"1507.00000000","s":"CHRBTC","a":339545,"T":1593506676248,"e":"aggTrade","p":"0.00000355","f":541508},{"m":false,"E":1593506677148,"l":541510,"M":true,"q":"2904.00000000","s":"CHRBTC","a":339546,"T":1593506677147,"e":"aggTrade","p":"0.00000355","f":541509},{"m":false,"E":1593506677324,"l":541511,"M":true,"q":"19143.00000000","s":"CHRBTC","a":339547,"T":1593506677323,"e":"aggTrade","p":"0.00000355","f":541511},{"m":false,"E":1593506678145,"l":541512,"M":true,"q":"1600.00000000","s":"CHRBTC","a":339548,"T":1593506678144,"e":"aggTrade","p":"0.00000356","f":541512}],[{"m":false,"E":1593510668559,"l":542515,"M":true,"q":"28.00000000","s":"CHRBTC","a":340171,"T":1593510668559,"e":"aggTrade","p":"0.00000370","f":542515},{"m":false,"E":1593510671131,"l":542516,"M":true,"q":"271.00000000","s":"CHRBTC","a":340172,"T":1593510671130,"e":"aggTrade","p":"0.00000370","f":542516},{"m":false,"E":1593510671805,"l":542517,"M":true,"q":"359.00000000","s":"CHRBTC","a":340173,"T":1593510671805,"e":"aggTrade","p":"0.00000370","f":542517},{"m":false,"E":1593510671862,"l":542518,"M":true,"q":"34398.00000000","s":"CHRBTC","a":340174,"T":1593510671861,"e":"aggTrade","p":"0.00000370","f":542518},{"m":false,"E":1593510672006,"l":542519,"M":true,"q":"4742.00000000","s":"CHRBTC","a":340175,"T":1593510672005,"e":"aggTrade","p":"0.00000370","f":542519},{"m":true,"E":1593510675985,"l":542520,"M":true,"q":"28.00000000","s":"CHRBTC","a":340176,"T":1593510675984,"e":"aggTrade","p":"0.00000369","f":542520},{"m":true,"E":1593510675985,"l":542522,"M":true,"q":"70.00000000","s":"CHRBTC","a":340177,"T":1593510675984,"e":"aggTrade","p":"0.00000368","f":542521},{"m":true,"E":1593510676390,"l":542523,"M":true,"q":"28.00000000","s":"CHRBTC","a":340178,"T":1593510676389,"e":"aggTrade","p":"0.00000369","f":542523},{"m":true,"E":1593510676390,"l":542524,"M":true,"q":"16.00000000","s":"CHRBTC","a":340179,"T":1593510676389,"e":"aggTrade","p":"0.00000368","f":542524},{"m":false,"E":1593510680876,"l":542525,"M":true,"q":"359.00000000","s":"CHRBTC","a":340180,"T":1593510680875,"e":"aggTrade","p":"0.00000370","f":542525},{"m":true,"E":1593510682855,"l":542526,"M":true,"q":"86.00000000","s":"CHRBTC","a":340181,"T":1593510682854,"e":"aggTrade","p":"0.00000368","f":542526},{"m":false,"E":1593510683894,"l":542527,"M":true,"q":"5823.00000000","s":"CHRBTC","a":340182,"T":1593510683893,"e":"aggTrade","p":"0.00000370","f":542527},{"m":true,"E":1593510684164,"l":542528,"M":true,"q":"2823.00000000","s":"CHRBTC","a":340183,"T":1593510684163,"e":"aggTrade","p":"0.00000368","f":542528},{"m":true,"E":1593510684493,"l":542529,"M":true,"q":"276.00000000","s":"CHRBTC","a":340184,"T":1593510684492,"e":"aggTrade","p":"0.00000368","f":542529},{"m":true,"E":1593510684545,"l":542530,"M":true,"q":"276.00000000","s":"CHRBTC","a":340185,"T":1593510684544,"e":"aggTrade","p":"0.00000368","f":542530},{"m":true,"E":1593510686402,"l":542531,"M":true,"q":"276.00000000","s":"CHRBTC","a":340186,"T":1593510686401,"e":"aggTrade","p":"0.00000369","f":542531},{"m":true,"E":1593510686559,"l":542532,"M":true,"q":"139.00000000","s":"CHRBTC","a":340187,"T":1593510686558,"e":"aggTrade","p":"0.00000369","f":542532},{"m":false,"E":1593510690474,"l":542533,"M":true,"q":"752.00000000","s":"CHRBTC","a":340188,"T":1593510690472,"e":"aggTrade","p":"0.00000369","f":542533},{"m":false,"E":1593510690568,"l":542534,"M":true,"q":"752.00000000","s":"CHRBTC","a":340189,"T":1593510690566,"e":"aggTrade","p":"0.00000369","f":542534},{"m":false,"E":1593510690674,"l":542535,"M":true,"q":"752.00000000","s":"CHRBTC","a":340190,"T":1593510690672,"e":"aggTrade","p":"0.00000369","f":542535},{"m":false,"E":1593510690759,"l":542536,"M":true,"q":"752.00000000","s":"CHRBTC","a":340191,"T":1593510690758,"e":"aggTrade","p":"0.00000369","f":542536},{"m":false,"E":1593510690815,"l":542537,"M":true,"q":"752.00000000","s":"CHRBTC","a":340192,"T":1593510690814,"e":"aggTrade","p":"0.00000369","f":542537},{"m":false,"E":1593510692567,"l":542538,"M":true,"q":"136.00000000","s":"CHRBTC","a":340193,"T":1593510692566,"e":"aggTrade","p":"0.00000369","f":542538},{"m":false,"E":1593510692748,"l":542540,"M":true,"q":"676.00000000","s":"CHRBTC","a":340194,"T":1593510692747,"e":"aggTrade","p":"0.00000369","f":542539},{"m":true,"E":1593510694663,"l":542541,"M":true,"q":"2942.00000000","s":"CHRBTC","a":340195,"T":1593510694662,"e":"aggTrade","p":"0.00000368","f":542541},{"m":false,"E":1593510697012,"l":542542,"M":true,"q":"271.00000000","s":"CHRBTC","a":340196,"T":1593510697011,"e":"aggTrade","p":"0.00000370","f":542542},{"m":false,"E":1593510697060,"l":542545,"M":true,"q":"271.00000000","s":"CHRBTC","a":340197,"T":1593510697058,"e":"aggTrade","p":"0.00000370","f":542543},{"m":false,"E":1593510697066,"l":542549,"M":true,"q":"811.00000000","s":"CHRBTC","a":340198,"T":1593510697065,"e":"aggTrade","p":"0.00000370","f":542546},{"m":false,"E":1593510697527,"l":542551,"M":true,"q":"271.00000000","s":"CHRBTC","a":340199,"T":1593510697526,"e":"aggTrade","p":"0.00000370","f":542550},{"m":false,"E":1593510700166,"l":542552,"M":true,"q":"406.00000000","s":"CHRBTC","a":340200,"T":1593510700165,"e":"aggTrade","p":"0.00000370","f":542552},{"m":false,"E":1593510701130,"l":542555,"M":true,"q":"19029.00000000","s":"CHRBTC","a":340201,"T":1593510701129,"e":"aggTrade","p":"0.00000370","f":542553},{"m":false,"E":1593510705209,"l":542556,"M":true,"q":"18167.00000000","s":"CHRBTC","a":340202,"T":1593510705208,"e":"aggTrade","p":"0.00000370","f":542556},{"m":false,"E":1593510708154,"l":542557,"M":true,"q":"4048.00000000","s":"CHRBTC","a":340203,"T":1593510708153,"e":"aggTrade","p":"0.00000370","f":542557},{"m":false,"E":1593510708495,"l":542558,"M":true,"q":"101.00000000","s":"CHRBTC","a":340204,"T":1593510708493,"e":"aggTrade","p":"0.00000369","f":542558},{"m":false,"E":1593510716186,"l":542561,"M":true,"q":"16339.00000000","s":"CHRBTC","a":340205,"T":1593510716185,"e":"aggTrade","p":"0.00000370","f":542559},{"m":false,"E":1593510716186,"l":542568,"M":true,"q":"11066.00000000","s":"CHRBTC","a":340206,"T":1593510716185,"e":"aggTrade","p":"0.00000371","f":542562},{"m":false,"E":1593510719812,"l":542569,"M":true,"q":"6506.00000000","s":"CHRBTC","a":340207,"T":1593510719811,"e":"aggTrade","p":"0.00000370","f":542569},{"m":false,"E":1593510720716,"l":542570,"M":true,"q":"890.00000000","s":"CHRBTC","a":340208,"T":1593510720715,"e":"aggTrade","p":"0.00000370","f":542570},{"m":false,"E":1593510724375,"l":542572,"M":true,"q":"1600.00000000","s":"CHRBTC","a":340209,"T":1593510724374,"e":"aggTrade","p":"0.00000370","f":542571},{"m":false,"E":1593510724553,"l":542573,"M":true,"q":"1440.00000000","s":"CHRBTC","a":340210,"T":1593510724552,"e":"aggTrade","p":"0.00000370","f":542573},{"m":false,"E":1593510726838,"l":542574,"M":true,"q":"1500.00000000","s":"CHRBTC","a":340211,"T":1593510726837,"e":"aggTrade","p":"0.00000370","f":542574},{"m":false,"E":1593510726838,"l":542575,"M":true,"q":"100.00000000","s":"CHRBTC","a":340212,"T":1593510726837,"e":"aggTrade","p":"0.00000371","f":542575},{"m":false,"E":1593510727254,"l":542578,"M":true,"q":"195507.00000000","s":"CHRBTC","a":340213,"T":1593510727252,"e":"aggTrade","p":"0.00000371","f":542576},{"m":true,"E":1593510727264,"l":542579,"M":true,"q":"546.00000000","s":"CHRBTC","a":340214,"T":1593510727262,"e":"aggTrade","p":"0.00000371","f":542579},{"m":true,"E":1593510727267,"l":542580,"M":true,"q":"10279.00000000","s":"CHRBTC","a":340215,"T":1593510727265,"e":"aggTrade","p":"0.00000371","f":542580},{"m":true,"E":1593510727267,"l":542581,"M":true,"q":"372.00000000","s":"CHRBTC","a":340216,"T":1593510727265,"e":"aggTrade","p":"0.00000371","f":542581},{"m":true,"E":1593510727270,"l":542582,"M":true,"q":"56634.00000000","s":"CHRBTC","a":340217,"T":1593510727267,"e":"aggTrade","p":"0.00000371","f":542582},{"m":false,"E":1593510728538,"l":542584,"M":true,"q":"1600.00000000","s":"CHRBTC","a":340218,"T":1593510728537,"e":"aggTrade","p":"0.00000371","f":542583},{"m":false,"E":1593510728910,"l":542585,"M":true,"q":"1340.00000000","s":"CHRBTC","a":340219,"T":1593510728908,"e":"aggTrade","p":"0.00000371","f":542585},{"m":false,"E":1593510730232,"l":542586,"M":true,"q":"1600.00000000","s":"CHRBTC","a":340220,"T":1593510730231,"e":"aggTrade","p":"0.00000371","f":542586},{"m":false,"E":1593510732800,"l":542587,"M":true,"q":"1600.00000000","s":"CHRBTC","a":340221,"T":1593510732799,"e":"aggTrade","p":"0.00000371","f":542587},{"m":false,"E":1593510733839,"l":542588,"M":true,"q":"10.00000000","s":"CHRBTC","a":340222,"T":1593510733838,"e":"aggTrade","p":"0.00000371","f":542588},{"m":false,"E":1593510734524,"l":542590,"M":true,"q":"1600.00000000","s":"CHRBTC","a":340223,"T":1593510734522,"e":"aggTrade","p":"0.00000371","f":542589},{"m":false,"E":1593510736505,"l":542592,"M":true,"q":"10550.00000000","s":"CHRBTC","a":340224,"T":1593510736504,"e":"aggTrade","p":"0.00000371","f":542591},{"m":true,"E":1593510736645,"l":542593,"M":true,"q":"352.00000000","s":"CHRBTC","a":340225,"T":1593510736644,"e":"aggTrade","p":"0.00000370","f":542593},{"m":true,"E":1593510738839,"l":542594,"M":true,"q":"1346.00000000","s":"CHRBTC","a":340226,"T":1593510738838,"e":"aggTrade","p":"0.00000370","f":542594},{"m":true,"E":1593510738840,"l":542595,"M":true,"q":"2674.00000000","s":"CHRBTC","a":340227,"T":1593510738839,"e":"aggTrade","p":"0.00000370","f":542595},{"m":false,"E":1593510739939,"l":542596,"M":true,"q":"19142.00000000","s":"CHRBTC","a":340228,"T":1593510739938,"e":"aggTrade","p":"0.00000371","f":542596},{"m":true,"E":1593510739947,"l":542597,"M":true,"q":"13879.00000000","s":"CHRBTC","a":340229,"T":1593510739946,"e":"aggTrade","p":"0.00000371","f":542597},{"m":false,"E":1593510751250,"l":542598,"M":true,"q":"28.00000000","s":"CHRBTC","a":340230,"T":1593510751249,"e":"aggTrade","p":"0.00000371","f":542598},{"m":false,"E":1593510751290,"l":542599,"M":true,"q":"28.00000000","s":"CHRBTC","a":340231,"T":1593510751289,"e":"aggTrade","p":"0.00000371","f":542599},{"m":false,"E":1593510763073,"l":542600,"M":true,"q":"2297.00000000","s":"CHRBTC","a":340232,"T":1593510763072,"e":"aggTrade","p":"0.00000370","f":542600},{"m":false,"E":1593510764123,"l":542601,"M":true,"q":"1055.00000000","s":"CHRBTC","a":340233,"T":1593510764122,"e":"aggTrade","p":"0.00000370","f":542601},{"m":false,"E":1593510764952,"l":542602,"M":true,"q":"1600.00000000","s":"CHRBTC","a":340234,"T":1593510764951,"e":"aggTrade","p":"0.00000370","f":542602},{"m":false,"E":1593510769311,"l":542603,"M":true,"q":"2048.00000000","s":"CHRBTC","a":340235,"T":1593510769310,"e":"aggTrade","p":"0.00000370","f":542603},{"m":true,"E":1593510769505,"l":542604,"M":true,"q":"2501.00000000","s":"CHRBTC","a":340236,"T":1593510769503,"e":"aggTrade","p":"0.00000370","f":542604},{"m":true,"E":1593510769522,"l":542608,"M":true,"q":"2729.00000000","s":"CHRBTC","a":340237,"T":1593510769517,"e":"aggTrade","p":"0.00000369","f":542605},{"m":false,"E":1593510770399,"l":542610,"M":true,"q":"2048.00000000","s":"CHRBTC","a":340238,"T":1593510770398,"e":"aggTrade","p":"0.00000370","f":542609}],[{"m":true,"E":1593517807913,"l":544878,"M":true,"q":"8741.00000000","s":"CHRBTC","a":341490,"T":1593517807911,"e":"aggTrade","p":"0.00000344","f":544877},{"m":true,"E":1593517833056,"l":544879,"M":true,"q":"100.00000000","s":"CHRBTC","a":341491,"T":1593517833055,"e":"aggTrade","p":"0.00000344","f":544879},{"m":true,"E":1593517840008,"l":544884,"M":true,"q":"112395.00000000","s":"CHRBTC","a":341492,"T":1593517840007,"e":"aggTrade","p":"0.00000344","f":544880},{"m":false,"E":1593517840241,"l":544885,"M":true,"q":"214.00000000","s":"CHRBTC","a":341493,"T":1593517840240,"e":"aggTrade","p":"0.00000344","f":544885},{"m":false,"E":1593517841264,"l":544886,"M":true,"q":"2305.00000000","s":"CHRBTC","a":341494,"T":1593517841263,"e":"aggTrade","p":"0.00000344","f":544886},{"m":false,"E":1593517841503,"l":544887,"M":true,"q":"352.00000000","s":"CHRBTC","a":341495,"T":1593517841502,"e":"aggTrade","p":"0.00000344","f":544887},{"m":true,"E":1593517841819,"l":544893,"M":true,"q":"1252.00000000","s":"CHRBTC","a":341496,"T":1593517841818,"e":"aggTrade","p":"0.00000343","f":544888},{"m":false,"E":1593517843865,"l":544896,"M":true,"q":"28764.00000000","s":"CHRBTC","a":341497,"T":1593517843864,"e":"aggTrade","p":"0.00000344","f":544894},{"m":true,"E":1593517844150,"l":544897,"M":true,"q":"1254.00000000","s":"CHRBTC","a":341498,"T":1593517844149,"e":"aggTrade","p":"0.00000343","f":544897},{"m":true,"E":1593517851507,"l":544903,"M":true,"q":"27289.00000000","s":"CHRBTC","a":341499,"T":1593517851502,"e":"aggTrade","p":"0.00000343","f":544898},{"m":true,"E":1593517851507,"l":544915,"M":true,"q":"126126.00000000","s":"CHRBTC","a":341500,"T":1593517851502,"e":"aggTrade","p":"0.00000342","f":544904},{"m":true,"E":1593517851507,"l":544930,"M":true,"q":"302216.00000000","s":"CHRBTC","a":341501,"T":1593517851502,"e":"aggTrade","p":"0.00000341","f":544916},{"m":true,"E":1593517851507,"l":544931,"M":true,"q":"21205.00000000","s":"CHRBTC","a":341502,"T":1593517851502,"e":"aggTrade","p":"0.00000341","f":544931},{"m":true,"E":1593517852297,"l":544932,"M":true,"q":"1420.00000000","s":"CHRBTC","a":341503,"T":1593517852296,"e":"aggTrade","p":"0.00000342","f":544932},{"m":true,"E":1593517853369,"l":544934,"M":true,"q":"4829.00000000","s":"CHRBTC","a":341504,"T":1593517853367,"e":"aggTrade","p":"0.00000342","f":544933},{"m":true,"E":1593517853369,"l":544938,"M":true,"q":"6645.00000000","s":"CHRBTC","a":341505,"T":1593517853367,"e":"aggTrade","p":"0.00000341","f":544935},{"m":false,"E":1593517854960,"l":544939,"M":true,"q":"437.00000000","s":"CHRBTC","a":341506,"T":1593517854959,"e":"aggTrade","p":"0.00000343","f":544939},{"m":false,"E":1593517855059,"l":544942,"M":true,"q":"1090.00000000","s":"CHRBTC","a":341507,"T":1593517855058,"e":"aggTrade","p":"0.00000343","f":544940},{"m":true,"E":1593517856265,"l":544943,"M":true,"q":"37.00000000","s":"CHRBTC","a":341508,"T":1593517856262,"e":"aggTrade","p":"0.00000342","f":544943},{"m":true,"E":1593517856265,"l":544954,"M":true,"q":"346900.00000000","s":"CHRBTC","a":341509,"T":1593517856262,"e":"aggTrade","p":"0.00000341","f":544944},{"m":false,"E":1593517856302,"l":544955,"M":true,"q":"11.00000000","s":"CHRBTC","a":341510,"T":1593517856301,"e":"aggTrade","p":"0.00000343","f":544955},{"m":false,"E":1593517856778,"l":544956,"M":true,"q":"551.00000000","s":"CHRBTC","a":341511,"T":1593517856776,"e":"aggTrade","p":"0.00000342","f":544956},{"m":false,"E":1593517858358,"l":544957,"M":true,"q":"128.00000000","s":"CHRBTC","a":341512,"T":1593517858357,"e":"aggTrade","p":"0.00000342","f":544957},{"m":true,"E":1593517858634,"l":544959,"M":true,"q":"11527.00000000","s":"CHRBTC","a":341513,"T":1593517858633,"e":"aggTrade","p":"0.00000341","f":544958},{"m":true,"E":1593517859243,"l":544960,"M":true,"q":"636.00000000","s":"CHRBTC","a":341514,"T":1593517859242,"e":"aggTrade","p":"0.00000341","f":544960},{"m":false,"E":1593517859556,"l":544962,"M":true,"q":"1600.00000000","s":"CHRBTC","a":341515,"T":1593517859554,"e":"aggTrade","p":"0.00000342","f":544961},{"m":false,"E":1593517861265,"l":544963,"M":true,"q":"526.00000000","s":"CHRBTC","a":341516,"T":1593517861264,"e":"aggTrade","p":"0.00000341","f":544963},{"m":false,"E":1593517862023,"l":544964,"M":true,"q":"370.00000000","s":"CHRBTC","a":341517,"T":1593517862022,"e":"aggTrade","p":"0.00000341","f":544964},{"m":false,"E":1593517863505,"l":544965,"M":true,"q":"300.00000000","s":"CHRBTC","a":341518,"T":1593517863503,"e":"aggTrade","p":"0.00000342","f":544965},{"m":false,"E":1593517864643,"l":544968,"M":true,"q":"42829.00000000","s":"CHRBTC","a":341519,"T":1593517864642,"e":"aggTrade","p":"0.00000342","f":544966},{"m":true,"E":1593517865734,"l":544969,"M":true,"q":"978.00000000","s":"CHRBTC","a":341520,"T":1593517865734,"e":"aggTrade","p":"0.00000342","f":544969},{"m":false,"E":1593517866962,"l":544970,"M":true,"q":"35.00000000","s":"CHRBTC","a":341521,"T":1593517866961,"e":"aggTrade","p":"0.00000343","f":544970},{"m":true,"E":1593517867612,"l":544971,"M":true,"q":"5610.00000000","s":"CHRBTC","a":341522,"T":1593517867611,"e":"aggTrade","p":"0.00000342","f":544971},{"m":true,"E":1593517867612,"l":544972,"M":true,"q":"2078.00000000","s":"CHRBTC","a":341523,"T":1593517867611,"e":"aggTrade","p":"0.00000342","f":544972},{"m":true,"E":1593517867615,"l":544973,"M":true,"q":"2078.00000000","s":"CHRBTC","a":341524,"T":1593517867613,"e":"aggTrade","p":"0.00000342","f":544973},{"m":true,"E":1593517867616,"l":544974,"M":true,"q":"7159.00000000","s":"CHRBTC","a":341525,"T":1593517867614,"e":"aggTrade","p":"0.00000342","f":544974},{"m":true,"E":1593517867616,"l":544975,"M":true,"q":"2078.00000000","s":"CHRBTC","a":341526,"T":1593517867615,"e":"aggTrade","p":"0.00000342","f":544975},{"m":false,"E":1593517868708,"l":544976,"M":true,"q":"560.00000000","s":"CHRBTC","a":341527,"T":1593517868706,"e":"aggTrade","p":"0.00000343","f":544976},{"m":false,"E":1593517872540,"l":544987,"M":true,"q":"13344.00000000","s":"CHRBTC","a":341528,"T":1593517872537,"e":"aggTrade","p":"0.00000343","f":544977},{"m":true,"E":1593517872546,"l":544988,"M":true,"q":"58482.00000000","s":"CHRBTC","a":341529,"T":1593517872544,"e":"aggTrade","p":"0.00000343","f":544988},{"m":true,"E":1593517872549,"l":544989,"M":true,"q":"40.00000000","s":"CHRBTC","a":341530,"T":1593517872546,"e":"aggTrade","p":"0.00000343","f":544989},{"m":false,"E":1593517880544,"l":544991,"M":true,"q":"699.00000000","s":"CHRBTC","a":341531,"T":1593517880542,"e":"aggTrade","p":"0.00000344","f":544990},{"m":false,"E":1593517891985,"l":544992,"M":true,"q":"39.00000000","s":"CHRBTC","a":341532,"T":1593517891984,"e":"aggTrade","p":"0.00000344","f":544992},{"m":false,"E":1593517892284,"l":544996,"M":true,"q":"3019.00000000","s":"CHRBTC","a":341533,"T":1593517892282,"e":"aggTrade","p":"0.00000344","f":544993},{"m":true,"E":1593517892291,"l":544997,"M":true,"q":"15736.00000000","s":"CHRBTC","a":341534,"T":1593517892290,"e":"aggTrade","p":"0.00000344","f":544997},{"m":true,"E":1593517892341,"l":544998,"M":true,"q":"200.00000000","s":"CHRBTC","a":341535,"T":1593517892340,"e":"aggTrade","p":"0.00000343","f":544998},{"m":true,"E":1593517902457,"l":544999,"M":true,"q":"3037.00000000","s":"CHRBTC","a":341536,"T":1593517902456,"e":"aggTrade","p":"0.00000343","f":544999},{"m":false,"E":1593517902470,"l":545000,"M":true,"q":"6422.00000000","s":"CHRBTC","a":341537,"T":1593517902469,"e":"aggTrade","p":"0.00000343","f":545000}],[{"m":false,"E":1593518911136,"l":545269,"M":true,"q":"231.00000000","s":"CHRBTC","a":341676,"T":1593518911135,"e":"aggTrade","p":"0.00000352","f":545268},{"m":false,"E":1593518917988,"l":545272,"M":true,"q":"69.00000000","s":"CHRBTC","a":341677,"T":1593518917987,"e":"aggTrade","p":"0.00000352","f":545270},{"m":true,"E":1593518922714,"l":545273,"M":true,"q":"12056.00000000","s":"CHRBTC","a":341678,"T":1593518922713,"e":"aggTrade","p":"0.00000351","f":545273},{"m":true,"E":1593518922737,"l":545274,"M":true,"q":"19486.00000000","s":"CHRBTC","a":341679,"T":1593518922736,"e":"aggTrade","p":"0.00000351","f":545274},{"m":true,"E":1593518922757,"l":545275,"M":true,"q":"11389.00000000","s":"CHRBTC","a":341680,"T":1593518922756,"e":"aggTrade","p":"0.00000351","f":545275},{"m":true,"E":1593518922788,"l":545276,"M":true,"q":"1719.00000000","s":"CHRBTC","a":341681,"T":1593518922787,"e":"aggTrade","p":"0.00000351","f":545276},{"m":true,"E":1593518922797,"l":545277,"M":true,"q":"879.00000000","s":"CHRBTC","a":341682,"T":1593518922796,"e":"aggTrade","p":"0.00000351","f":545277},{"m":true,"E":1593518922800,"l":545278,"M":true,"q":"6379.00000000","s":"CHRBTC","a":341683,"T":1593518922799,"e":"aggTrade","p":"0.00000351","f":545278},{"m":false,"E":1593518926711,"l":545279,"M":true,"q":"3963.00000000","s":"CHRBTC","a":341684,"T":1593518926710,"e":"aggTrade","p":"0.00000351","f":545279},{"m":true,"E":1593518926722,"l":545280,"M":true,"q":"4225.00000000","s":"CHRBTC","a":341685,"T":1593518926721,"e":"aggTrade","p":"0.00000351","f":545280},{"m":true,"E":1593518926724,"l":545281,"M":true,"q":"2161.00000000","s":"CHRBTC","a":341686,"T":1593518926722,"e":"aggTrade","p":"0.00000351","f":545281},{"m":true,"E":1593518926748,"l":545282,"M":true,"q":"8299.00000000","s":"CHRBTC","a":341687,"T":1593518926747,"e":"aggTrade","p":"0.00000351","f":545282},{"m":true,"E":1593518926764,"l":545283,"M":true,"q":"2301.00000000","s":"CHRBTC","a":341688,"T":1593518926763,"e":"aggTrade","p":"0.00000351","f":545283},{"m":true,"E":1593518926873,"l":545284,"M":true,"q":"4356.00000000","s":"CHRBTC","a":341689,"T":1593518926872,"e":"aggTrade","p":"0.00000351","f":545284},{"m":false,"E":1593518927689,"l":545292,"M":true,"q":"53383.00000000","s":"CHRBTC","a":341690,"T":1593518927684,"e":"aggTrade","p":"0.00000352","f":545285},{"m":false,"E":1593518927689,"l":545304,"M":true,"q":"113604.00000000","s":"CHRBTC","a":341691,"T":1593518927684,"e":"aggTrade","p":"0.00000353","f":545293},{"m":false,"E":1593518927689,"l":545317,"M":true,"q":"142581.00000000","s":"CHRBTC","a":341692,"T":1593518927684,"e":"aggTrade","p":"0.00000354","f":545305},{"m":false,"E":1593518927689,"l":545325,"M":true,"q":"15405.00000000","s":"CHRBTC","a":341693,"T":1593518927684,"e":"aggTrade","p":"0.00000355","f":545318},{"m":false,"E":1593518927926,"l":545326,"M":true,"q":"89.00000000","s":"CHRBTC","a":341694,"T":1593518927925,"e":"aggTrade","p":"0.00000354","f":545326},{"m":true,"E":1593518928345,"l":545330,"M":true,"q":"4031.00000000","s":"CHRBTC","a":341695,"T":1593518928344,"e":"aggTrade","p":"0.00000352","f":545327},{"m":true,"E":1593518928502,"l":545331,"M":true,"q":"1.00000000","s":"CHRBTC","a":341696,"T":1593518928501,"e":"aggTrade","p":"0.00000352","f":545331},{"m":true,"E":1593518929507,"l":545332,"M":true,"q":"55.00000000","s":"CHRBTC","a":341697,"T":1593518929506,"e":"aggTrade","p":"0.00000352","f":545332},{"m":true,"E":1593518929507,"l":545333,"M":true,"q":"408.00000000","s":"CHRBTC","a":341698,"T":1593518929506,"e":"aggTrade","p":"0.00000351","f":545333},{"m":false,"E":1593518930084,"l":545334,"M":true,"q":"180.00000000","s":"CHRBTC","a":341699,"T":1593518930083,"e":"aggTrade","p":"0.00000353","f":545334},{"m":false,"E":1593518930560,"l":545335,"M":true,"q":"185.00000000","s":"CHRBTC","a":341700,"T":1593518930559,"e":"aggTrade","p":"0.00000353","f":545335},{"m":false,"E":1593518931034,"l":545336,"M":true,"q":"9.00000000","s":"CHRBTC","a":341701,"T":1593518931032,"e":"aggTrade","p":"0.00000353","f":545336},{"m":true,"E":1593518931330,"l":545337,"M":true,"q":"94.00000000","s":"CHRBTC","a":341702,"T":1593518931329,"e":"aggTrade","p":"0.00000352","f":545337},{"m":false,"E":1593518931441,"l":545338,"M":true,"q":"81.00000000","s":"CHRBTC","a":341703,"T":1593518931439,"e":"aggTrade","p":"0.00000353","f":545338},{"m":true,"E":1593518931477,"l":545339,"M":true,"q":"289.00000000","s":"CHRBTC","a":341704,"T":1593518931476,"e":"aggTrade","p":"0.00000352","f":545339},{"m":true,"E":1593518931514,"l":545340,"M":true,"q":"57.00000000","s":"CHRBTC","a":341705,"T":1593518931512,"e":"aggTrade","p":"0.00000352","f":545340},{"m":true,"E":1593518932802,"l":545343,"M":true,"q":"17027.00000000","s":"CHRBTC","a":341706,"T":1593518932801,"e":"aggTrade","p":"0.00000352","f":545341},{"m":true,"E":1593518932802,"l":545344,"M":true,"q":"5284.00000000","s":"CHRBTC","a":341707,"T":1593518932801,"e":"aggTrade","p":"0.00000351","f":545344},{"m":false,"E":1593518933945,"l":545345,"M":true,"q":"94.00000000","s":"CHRBTC","a":341708,"T":1593518933944,"e":"aggTrade","p":"0.00000353","f":545345},{"m":false,"E":1593518933945,"l":545350,"M":true,"q":"55552.00000000","s":"CHRBTC","a":341709,"T":1593518933944,"e":"aggTrade","p":"0.00000354","f":545346},{"m":true,"E":1593518933950,"l":545351,"M":true,"q":"1011.00000000","s":"CHRBTC","a":341710,"T":1593518933949,"e":"aggTrade","p":"0.00000354","f":545351},{"m":true,"E":1593518934375,"l":545352,"M":true,"q":"12623.00000000","s":"CHRBTC","a":341711,"T":1593518934374,"e":"aggTrade","p":"0.00000352","f":545352},{"m":false,"E":1593518935966,"l":545353,"M":true,"q":"55.00000000","s":"CHRBTC","a":341712,"T":1593518935965,"e":"aggTrade","p":"0.00000352","f":545353},{"m":false,"E":1593518936542,"l":545354,"M":true,"q":"3909.00000000","s":"CHRBTC","a":341713,"T":1593518936541,"e":"aggTrade","p":"0.00000352","f":545354},{"m":false,"E":1593518937673,"l":545356,"M":true,"q":"810.00000000","s":"CHRBTC","a":341714,"T":1593518937671,"e":"aggTrade","p":"0.00000353","f":545355},{"m":true,"E":1593518940938,"l":545357,"M":true,"q":"3234.00000000","s":"CHRBTC","a":341715,"T":1593518940937,"e":"aggTrade","p":"0.00000352","f":545357},{"m":false,"E":1593518945291,"l":545358,"M":true,"q":"1129.00000000","s":"CHRBTC","a":341716,"T":1593518945290,"e":"aggTrade","p":"0.00000353","f":545358},{"m":true,"E":1593518945437,"l":545359,"M":true,"q":"19413.00000000","s":"CHRBTC","a":341717,"T":1593518945436,"e":"aggTrade","p":"0.00000353","f":545359},{"m":true,"E":1593518947478,"l":545360,"M":true,"q":"579.00000000","s":"CHRBTC","a":341718,"T":1593518947477,"e":"aggTrade","p":"0.00000353","f":545360},{"m":false,"E":1593518952256,"l":545367,"M":true,"q":"39096.00000000","s":"CHRBTC","a":341719,"T":1593518952254,"e":"aggTrade","p":"0.00000354","f":545361},{"m":true,"E":1593518952270,"l":545368,"M":true,"q":"14614.00000000","s":"CHRBTC","a":341720,"T":1593518952267,"e":"aggTrade","p":"0.00000354","f":545368},{"m":true,"E":1593518952279,"l":545369,"M":true,"q":"10015.00000000","s":"CHRBTC","a":341721,"T":1593518952278,"e":"aggTrade","p":"0.00000354","f":545369},{"m":true,"E":1593518952350,"l":545370,"M":true,"q":"88.00000000","s":"CHRBTC","a":341722,"T":1593518952349,"e":"aggTrade","p":"0.00000354","f":545370},{"m":true,"E":1593518952366,"l":545371,"M":true,"q":"3974.00000000","s":"CHRBTC","a":341723,"T":1593518952365,"e":"aggTrade","p":"0.00000354","f":545371},{"m":true,"E":1593518952455,"l":545372,"M":true,"q":"617.00000000","s":"CHRBTC","a":341724,"T":1593518952454,"e":"aggTrade","p":"0.00000354","f":545372},{"m":true,"E":1593518953206,"l":545373,"M":true,"q":"1819.00000000","s":"CHRBTC","a":341725,"T":1593518953204,"e":"aggTrade","p":"0.00000354","f":545373},{"m":true,"E":1593518953354,"l":545374,"M":true,"q":"1111.00000000","s":"CHRBTC","a":341726,"T":1593518953353,"e":"aggTrade","p":"0.00000354","f":545374},{"m":false,"E":1593518954263,"l":545377,"M":true,"q":"67947.00000000","s":"CHRBTC","a":341727,"T":1593518954261,"e":"aggTrade","p":"0.00000355","f":545375},{"m":false,"E":1593518954716,"l":545393,"M":true,"q":"141774.00000000","s":"CHRBTC","a":341728,"T":1593518954711,"e":"aggTrade","p":"0.00000355","f":545378},{"m":false,"E":1593518954716,"l":545418,"M":true,"q":"82902.00000000","s":"CHRBTC","a":341729,"T":1593518954711,"e":"aggTrade","p":"0.00000356","f":545394},{"m":true,"E":1593518954721,"l":545419,"M":true,"q":"13854.00000000","s":"CHRBTC","a":341730,"T":1593518954720,"e":"aggTrade","p":"0.00000356","f":545419},{"m":true,"E":1593518957055,"l":545421,"M":true,"q":"12817.00000000","s":"CHRBTC","a":341731,"T":1593518957053,"e":"aggTrade","p":"0.00000354","f":545420},{"m":true,"E":1593518960746,"l":545422,"M":true,"q":"24162.00000000","s":"CHRBTC","a":341732,"T":1593518960744,"e":"aggTrade","p":"0.00000354","f":545422},{"m":true,"E":1593518960752,"l":545425,"M":true,"q":"1870.00000000","s":"CHRBTC","a":341733,"T":1593518960751,"e":"aggTrade","p":"0.00000354","f":545423},{"m":true,"E":1593518961110,"l":545426,"M":true,"q":"311.00000000","s":"CHRBTC","a":341734,"T":1593518961109,"e":"aggTrade","p":"0.00000353","f":545426},{"m":false,"E":1593518965965,"l":545428,"M":true,"q":"14527.00000000","s":"CHRBTC","a":341735,"T":1593518965964,"e":"aggTrade","p":"0.00000354","f":545427},{"m":false,"E":1593518966192,"l":545429,"M":true,"q":"10979.00000000","s":"CHRBTC","a":341736,"T":1593518966191,"e":"aggTrade","p":"0.00000354","f":545429},{"m":true,"E":1593518966440,"l":545430,"M":true,"q":"1488.00000000","s":"CHRBTC","a":341737,"T":1593518966439,"e":"aggTrade","p":"0.00000354","f":545430},{"m":true,"E":1593518967821,"l":545431,"M":true,"q":"579.00000000","s":"CHRBTC","a":341738,"T":1593518967820,"e":"aggTrade","p":"0.00000354","f":545431},{"m":false,"E":1593518971033,"l":545433,"M":true,"q":"26765.00000000","s":"CHRBTC","a":341739,"T":1593518971032,"e":"aggTrade","p":"0.00000355","f":545432},{"m":false,"E":1593518974966,"l":545434,"M":true,"q":"4855.00000000","s":"CHRBTC","a":341740,"T":1593518974965,"e":"aggTrade","p":"0.00000355","f":545434},{"m":true,"E":1593518974971,"l":545435,"M":true,"q":"12963.00000000","s":"CHRBTC","a":341741,"T":1593518974970,"e":"aggTrade","p":"0.00000355","f":545435},{"m":false,"E":1593518983810,"l":545436,"M":true,"q":"2691.00000000","s":"CHRBTC","a":341742,"T":1593518983808,"e":"aggTrade","p":"0.00000355","f":545436},{"m":true,"E":1593518984320,"l":545437,"M":true,"q":"30647.00000000","s":"CHRBTC","a":341743,"T":1593518984318,"e":"aggTrade","p":"0.00000354","f":545437},{"m":false,"E":1593518984327,"l":545438,"M":true,"q":"29192.00000000","s":"CHRBTC","a":341744,"T":1593518984326,"e":"aggTrade","p":"0.00000354","f":545438},{"m":true,"E":1593518994009,"l":545444,"M":true,"q":"14756.00000000","s":"CHRBTC","a":341745,"T":1593518994007,"e":"aggTrade","p":"0.00000353","f":545439},{"m":false,"E":1593519002614,"l":545446,"M":true,"q":"10938.00000000","s":"CHRBTC","a":341746,"T":1593519002613,"e":"aggTrade","p":"0.00000354","f":545445},{"m":false,"E":1593519009328,"l":545447,"M":true,"q":"1212.00000000","s":"CHRBTC","a":341747,"T":1593519009327,"e":"aggTrade","p":"0.00000354","f":545447}]]},{"peak":"19.00493052|1140,-6.45549318|270,6.17481957|330,-11.02725367|540,9.01467505|570,-17.54068716|930,12.70343580|420,-9.10284464|1200,5.95185996|900,-14.84819734|2130,4.41176471|120,-4.36225699|300,13.89284021|510,-4.89082969|570,3.31877729|240,-4.22907489|480,20.66079295|1230,-5.30565167|1020,3.15263360|180,-15.44750430|510,9.55249570|1080,-10.12110727|3390,6.74740484|960,-9.15524104|4230,4.24590889|510,-14.64007782|2730,4.66926070|1809,-5.49019608|1691,-7.33167082|1739","transactionList":[{},{},{},{},{},{},{},{},{},{},{},{},{},{},{},{},{},{},{},{},{},{},{},{},{},{},{},{},[{"m":true,"E":1593499045659,"l":20749061,"M":true,"q":"144.30000000","s":"NANOBTC","a":15567355,"T":1593499045658,"e":"aggTrade","p":"0.00010060","f":20749061},{"m":true,"E":1593499045772,"l":20749062,"M":true,"q":"255.70000000","s":"NANOBTC","a":15567356,"T":1593499045771,"e":"aggTrade","p":"0.00010060","f":20749062},{"m":true,"E":1593499047440,"l":20749063,"M":true,"q":"111.57000000","s":"NANOBTC","a":15567357,"T":1593499047439,"e":"aggTrade","p":"0.00010060","f":20749063},{"m":true,"E":1593499061008,"l":20749065,"M":true,"q":"137.70000000","s":"NANOBTC","a":15567358,"T":1593499061006,"e":"aggTrade","p":"0.00010050","f":20749064},{"m":true,"E":1593499066629,"l":20749066,"M":true,"q":"75.70000000","s":"NANOBTC","a":15567359,"T":1593499066628,"e":"aggTrade","p":"0.00010050","f":20749066},{"m":true,"E":1593499083705,"l":20749068,"M":true,"q":"181.99000000","s":"NANOBTC","a":15567360,"T":1593499083704,"e":"aggTrade","p":"0.00010050","f":20749067},{"m":true,"E":1593499083705,"l":20749071,"M":true,"q":"2622.45000000","s":"NANOBTC","a":15567361,"T":1593499083704,"e":"aggTrade","p":"0.00010040","f":20749069},{"m":true,"E":1593499083708,"l":20749072,"M":true,"q":"0.02000000","s":"NANOBTC","a":15567362,"T":1593499083706,"e":"aggTrade","p":"0.00010040","f":20749072},{"m":true,"E":1593499083846,"l":20749083,"M":true,"q":"521.49000000","s":"NANOBTC","a":15567363,"T":1593499083843,"e":"aggTrade","p":"0.00010030","f":20749073},{"m":true,"E":1593499083846,"l":20749084,"M":true,"q":"40.87000000","s":"NANOBTC","a":15567364,"T":1593499083843,"e":"aggTrade","p":"0.00010030","f":20749084},{"m":true,"E":1593499083846,"l":20749086,"M":true,"q":"914.26000000","s":"NANOBTC","a":15567365,"T":1593499083843,"e":"aggTrade","p":"0.00010020","f":20749085},{"m":false,"E":1593499084885,"l":20749087,"M":true,"q":"103.30000000","s":"NANOBTC","a":15567366,"T":1593499084884,"e":"aggTrade","p":"0.00010040","f":20749087},{"m":false,"E":1593499085620,"l":20749088,"M":true,"q":"237.86000000","s":"NANOBTC","a":15567367,"T":1593499085619,"e":"aggTrade","p":"0.00010030","f":20749088},{"m":true,"E":1593499091168,"l":20749089,"M":true,"q":"9.37000000","s":"NANOBTC","a":15567368,"T":1593499091167,"e":"aggTrade","p":"0.00010020","f":20749089},{"m":false,"E":1593499096469,"l":20749090,"M":true,"q":"1.06000000","s":"NANOBTC","a":15567369,"T":1593499096468,"e":"aggTrade","p":"0.00010030","f":20749090},{"m":false,"E":1593499096469,"l":20749091,"M":true,"q":"43.23000000","s":"NANOBTC","a":15567370,"T":1593499096468,"e":"aggTrade","p":"0.00010040","f":20749091},{"m":false,"E":1593499096725,"l":20749092,"M":true,"q":"122.33000000","s":"NANOBTC","a":15567371,"T":1593499096724,"e":"aggTrade","p":"0.00010040","f":20749092},{"m":false,"E":1593499100759,"l":20749093,"M":true,"q":"60.66000000","s":"NANOBTC","a":15567372,"T":1593499100758,"e":"aggTrade","p":"0.00010040","f":20749093},{"m":true,"E":1593499110857,"l":20749094,"M":true,"q":"96.89000000","s":"NANOBTC","a":15567373,"T":1593499110856,"e":"aggTrade","p":"0.00010040","f":20749094},{"m":true,"E":1593499112211,"l":20749095,"M":true,"q":"96.78000000","s":"NANOBTC","a":15567374,"T":1593499112209,"e":"aggTrade","p":"0.00010040","f":20749095},{"m":true,"E":1593499112211,"l":20749096,"M":true,"q":"0.02000000","s":"NANOBTC","a":15567375,"T":1593499112209,"e":"aggTrade","p":"0.00010040","f":20749096},{"m":false,"E":1593499120235,"l":20749097,"M":true,"q":"1.20000000","s":"NANOBTC","a":15567376,"T":1593499120234,"e":"aggTrade","p":"0.00010030","f":20749097},{"m":false,"E":1593499121373,"l":20749098,"M":true,"q":"2.19000000","s":"NANOBTC","a":15567377,"T":1593499121372,"e":"aggTrade","p":"0.00010030","f":20749098}]]},{"peak":"-5.71870170|900,5.71870170|600,-7.54716981|1260,3.45911950|150,-6.81818182|960,7.95454545|3210,-9.91735537|1440,14.21487603|4950,-4.85584219|630,15.47799697|570,-3.81991814|240,5.45702592|600,-5.74555404|750,6.01915185|390,-7.93871866|1890,3.62116992|360,-6.59025788|600,7.44985673|750,-3.30578512|60,3.58126722|240,-8.20143885|1560,3.30935252|300,-4.05797101|450,5.65217391|240,-7.04845815|1890,4.25844347|420,-13.23763955|1230,5.90111643|1194,-6.58105939|993,3.37078652|906,6.42054575|1535","transactionList":[{},{},{},{},{},{},{},{},{},{},{},{},{},{},{},{},{},{},{},{},{},{},{},{},{},{},{},{},{},{},[{"m":true,"E":1593511328481,"l":2590655,"M":true,"q":"31.00000000","s":"DUSKBTC","a":1516308,"T":1593511328480,"e":"aggTrade","p":"0.00000328","f":2590655},{"m":false,"E":1593511362457,"l":2590661,"M":true,"q":"2553.00000000","s":"DUSKBTC","a":1516309,"T":1593511362454,"e":"aggTrade","p":"0.00000329","f":2590656},{"m":false,"E":1593511362457,"l":2590666,"M":true,"q":"372.00000000","s":"DUSKBTC","a":1516310,"T":1593511362454,"e":"aggTrade","p":"0.00000330","f":2590662},{"m":false,"E":1593511362457,"l":2590673,"M":true,"q":"2157.00000000","s":"DUSKBTC","a":1516311,"T":1593511362454,"e":"aggTrade","p":"0.00000331","f":2590667},{"m":false,"E":1593511362457,"l":2590679,"M":true,"q":"2286.00000000","s":"DUSKBTC","a":1516312,"T":1593511362454,"e":"aggTrade","p":"0.00000332","f":2590674}