[{"peak":"","transactionList":[]},{"peak":"12.99777643|6480,-5.47169811|180,3.54716981|330,-3.35216573|390,6.66666667|540,-7.90626786|1470,7.35378167|4260,-11.03448276|4260,14.91625616|6930,-4.49740190|900,7.43594338|1686,-6.89962560|1791","transactionList":[{},{},{},{},{},{},{},{},{},{},{},{}]},{"peak":"4.84848485|1200,-3.18091451|180,8.34990060|1950,-4.40613027|510,5.74712644|1050,-4.34782609|450,4.91493384|3030,-11.44578313|6600,6.22489960|3960,-3.52250489|1230,6.26223092|2250,-3.42857143|1629,4.00000000|21,-6.64062500|1545,3.12500000|1039","transactionList":[{},{},{},{},{},{},{},{},{},{},{},{},{},{},{}]},{"peak":"2.69865067|900,-7.19874804|2820,12.20657277|510,-7.86009778|240,7.74727341|1140,-6.74366617|990,4.50819672|300,-3.62024381|300,3.58330255|2130,-5.21575985|1380,6.41651032|3480,-10.26438569|4230,15.66874028|9051,-6.06060606|621,3.27985740|822,-4.81186686|125,4.12445731|597","transactionList":[{},{},{},{},{},{},{},{},{},{},{},{},{},{},{},{},{}]},{"peak":"5.09554140|1230,-3.12500000|60,23.75000000|570,-11.86440678|660,6.77966102|90,-10.52631579|720,6.43274854|420,-4.59770115|300,4.59770115|840,-5.20231214|420,4.62427746|480,-3.42857143|180,6.85714286|630,-6.25000000|210,10.22727273|1050,-4.30107527|210,5.37634409|90,-4.81283422|150,37.43315508|600,-5.76131687|90,25.92592593|210,-8.51063830|120,4.96453901|30,-15.62500000|240,5.46875000|180,-8.00000000|180,12.00000000|210,-18.64406780|420,4.66101695|210,-5.55555556|150,5.98290598|210,-5.08474576|150,4.66101695|330,-4.66101695|450,14.83050847|540,-4.23076923|60,4.23076923|90,-13.86554622|540,13.02521008|450,-9.34959350|330,3.65853659|150,-4.93827160|360,3.29218107|390,-6.35593220|960,13.13559322|720,-3.48837209|90,5.03875969|150,-5.85937500|360,3.51562500|360,-7.72357724|450,4.87804878|1770,-3.20000000|270,5.20000000|330,-3.13725490|300,15.68627451|630,-4.24028269|240,8.48056537|270,-4.06779661|150,4.40677966|150,-13.23529412|570,3.30882353|120,-6.03773585|330,7.16981132|210,-3.27272727|150,8.36363636|540,-8.36363636|300,4.00000000|690,-3.24909747|60,5.41516245|120,-6.95970696|210,7.69230769|600,-3.52112676|480,6.69014085|204,-3.41296928|60,13.99317406|225,-15.17241379|420,9.31034483|966,-13.62007168|141,5.01792115|224,-3.16901408|190,3.52112676|152,-3.52112676|102,3.87323944|139,-3.14685315|169,-4.24028269|299,3.53356890|60","transactionList":[{},{},{},{},{},{},{},{},{},{},{},{},{},{},{},{},{},{},{},{},{},{},{},{},{},{},{},{},{},{},{},{},{},{},{},{},{},{},{},{},{},{},{},{},{},{},{},{},{},{},{},{},{},{},{},{},{},{},{},{},{},{},{},{},{},{},{},{},{},{},{},{},{},{},{},{},{},{},{},{},{},{},{},{},[{"m":true,"E":1595590310684,"l":6494329,"M":true,"q":"44216.00000000","s":"DOCKBTC","a":4067379,"T":1595590310682,"e":"aggTrade","p":"0.00000142","f":6494329},{"m":true,"E":1595590331711,"l":6494330,"M":true,"q":"6169.00000000","s":"DOCKBTC","a":4067380,"T":1595590331710,"e":"aggTrade","p":"0.00000142","f":6494330},{"m":true,"E":1595590337524,"l":6494348,"M":true,"q":"155878.00000000","s":"DOCKBTC","a":4067381,"T":1595590337521,"e":"aggTrade","p":"0.00000142","f":6494331},{"m":true,"E":1595590360438,"l":6494355,"M":true,"q":"182650.00000000","s":"DOCKBTC","a":4067382,"T":1595590360436,"e":"aggTrade","p":"0.00000142","f":6494349},{"m":false,"E":1595590360457,"l":6494356,"M":true,"q":"5580.00000000","s":"DOCKBTC","a":4067383,"T":1595590360455,"e":"aggTrade","p":"0.00000142","f":6494356},{"m":false,"E":1595590360457,"l":6494357,"M":true,"q":"21075.00000000","s":"DOCKBTC","a":4067384,"T":1595590360455,"e":"aggTrade","p":"0.00000142","f":6494357},{"m":false,"E":1595590360460,"l":6494358,"M":true,"q":"7968.00000000","s":"DOCKBTC","a":4067385,"T":1595590360458,"e":"aggTrade","p":"0.00000142","f":6494358},{"m":false,"E":1595590360474,"l":6494359,"M":true,"q":"1825.00000000","s":"DOCKBTC","a":4067386,"T":1595590360473,"e":"aggTrade","p":"0.00000142","f":6494359},{"m":false,"E":1595590360475,"l":6494360,"M":true,"q":"715.00000000","s":"DOCKBTC","a":4067387,"T":1595590360474,"e":"aggTrade","p":"0.00000142","f":6494360},{"m":false,"E":1595590360485,"l":6494361,"M":true,"q":"11989.00000000","s":"DOCKBTC","a":4067388,"T":1595590360484,"e":"aggTrade","p":"0.00000142","f":6494361},{"m":false,"E":1595590360574,"l":6494362,"M":true,"q":"133085.00000000","s":"DOCKBTC","a":4067389,"T":1595590360573,"e":"aggTrade","p":"0.00000142","f":6494362},{"m":false,"E":1595590360581,"l":6494363,"M":true,"q":"32462.00000000","s":"DOCKBTC","a":4067390,"T":1595590360580,"e":"aggTrade","p":"0.00000142","f":6494363},{"m":false,"E":1595590360680,"l":6494364,"M":true,"q":"37484.00000000","s":"DOCKBTC","a":4067391,"T":1595590360679,"e":"aggTrade","p":"0.00000142","f":6494364},{"m":false,"E":1595590360793,"l":6494367,"M":true,"q":"35036.00000000","s":"DOCKBTC","a":4067392,"T":1595590360792,"e":"aggTrade","p":"0.00000142","f":6494365},{"m":false,"E":1595590360893,"l":6494369,"M":true,"q":"29633.00000000","s":"DOCKBTC","a":4067393,"T":1595590360892,"e":"aggTrade","p":"0.00000142","f":6494368},{"m":true,"E":1595590366942,"l":6494370,"M":true,"q":"14672.00000000","s":"DOCKBTC","a":4067394,"T":1595590366941,"e":"aggTrade","p":"0.00000142","f":6494370},{"m":true,"E":1595590374597,"l":6494372,"M":true,"q":"1197.00000000","s":"DOCKBTC","a":4067395,"T":1595590374596,"e":"aggTrade","p":"0.00000142","f":6494371}],[{"m":false,"E":1595593929098,"l":6494596,"M":true,"q":"2700.00000000","s":"DOCKBTC","a":4067512,"T":1595593929096,"e":"aggTrade","p":"0.00000146","f":6494596},{"m":true,"E":1595593934290,"l":6494597,"M":true,"q":"68.00000000","s":"DOCKBTC","a":4067513,"T":1595593934289,"e":"aggTrade","p":"0.00000145","f":6494597},{"m":false,"E":1595593934602,"l":6494602,"M":true,"q":"68493.00000000","s":"DOCKBTC","a":4067514,"T":1595593934601,"e":"aggTrade","p":"0.00000146","f":6494598},{"m":true,"E":1595593940913,"l":6494603,"M":true,"q":"68.00000000","s":"DOCKBTC","a":4067515,"T":1595593940912,"e":"aggTrade","p":"0.00000145","f":6494603},{"m":false,"E":1595593963268,"l":6494604,"M":true,"q":"85.00000000","s":"DOCKBTC","a":4067516,"T":1595593963267,"e":"aggTrade","p":"0.00000146","f":6494604},{"m":false,"E":1595593976107,"l":6494605,"M":true,"q":"85.00000000","s":"DOCKBTC","a":4067517,"T":1595593976106,"e":"aggTrade","p":"0.00000146","f":6494605},{"m":true,"E":1595593980479,"l":6494606,"M":true,"q":"68.00000000","s":"DOCKBTC","a":4067518,"T":1595593980478,"e":"aggTrade","p":"0.00000145","f":6494606},{"m":false,"E":1595593981675,"l":6494607,"M":true,"q":"85.00000000","s":"DOCKBTC","a":4067519,"T":1595593981674,"e":"aggTrade","p":"0.00000146","f":6494607},{"m":false,"E":1595593985852,"l":6494611,"M":true,"q":"82114.00000000","s":"DOCKBTC","a":4067520,"T":1595593985850,"e":"aggTrade","p":"0.00000146","f":6494608},{"m":true,"E":1595593988051,"l":6494612,"M":true,"q":"2840.00000000","s":"DOCKBTC","a":4067521,"T":1595593988050,"e":"aggTrade","p":"0.00000146","f":6494612},{"m":true,"E":1595593992599,"l":6494613,"M":true,"q":"345.00000000","s":"DOCKBTC","a":4067522,"T":1595593992598,"e":"aggTrade","p":"0.00000146","f":6494613},{"m":false,"E":1595594000528,"l":6494614,"M":true,"q":"85.00000000","s":"DOCKBTC","a":4067523,"T":1595594000527,"e":"aggTrade","p":"0.00000147","f":6494614},{"m":false,"E":1595594046146,"l":6494615,"M":true,"q":"137.00000000","s":"DOCKBTC","a":4067524,"T":1595594046145,"e":"aggTrade","p":"0.00000147","f":6494615}]]},{"peak":"-2.69068788|180,22.34440805|720,-7.52621838|210,3.26958667|60,-9.10275907|570,3.75841842|90,-6.03907638|330,4.41829485|360,-3.97965952|870,5.21777581|360,-8.38077887|360,6.83215668|1230,-12.35928144|2340,3.01796407|660,-9.38453713|1470,8.95218718|1920,-6.69987547|1890,3.91033624|900,-5.06169731|450,17.95517502|540,-22.26572696|2700,7.83085356|1890,-4.02921179|930,5.26315789|1230,-4.18743769|900,3.68893320|1320,-7.49354005|450,3.79844961|30,-3.98653896|660,5.17732332|1554,-6.80862250|2357","transactionList":[{},{},{},{},{},{},{},{},{},{},{},{},{},{},{},{},{},{},{},{},{},{},{},{},{},{},{},{},{},{},{}]},{"peak":"7.91666667|390,-3.39321357|150,7.38522954|1020,-6.53465347|2100,4.95049505|480,-3.92156863|330,12.74509804|2070,-4.35571688|600,15.60798548|930,-9.63855422|570,3.27022375|180,-3.80622837|120,4.32525952|150,-6.34920635|510,5.46737213|1140,-10.12891344|5070,6.44567219|1920,-6.25000000|720,10.29411765|3210,-9.89010989|4110,6.22710623|2016,-6.42201835|1194,4.22018349|104,-4.79704797|645","transactionList":[{},{},{},{},{},{},{},{},{},{},{},{},{},{},{},{},{},{},{},{},{},{},{},{}]},{"peak":"3.41880342|720,-5.90809628|1710,7.22100656|2010,-6.06060606|60,3.89610390|300,-3.44827586|600,7.54310345|2880,-4.39330544|390,11.50627615|1410,-3.89863548|900,4.09356725|930,-13.61702128|3510,4.89361702|210,-4.22832981|270,3.59408034|720,-11.36363636|1350,3.63636364|60,-4.10958904|120,6.16438356|420,-4.49438202|990,7.86516854|2640,-3.89610390|630,9.95670996|1410,-5.39419087|240,3.94190871|420,-6.14406780|390,23.09322034|2100,-10.45627376|162,4.75285171|162,-4.35606061|111,5.49242424|207,-13.44195519|621,7.12830957|922,-3.13725490|148,-5.41082164|201,6.01202405|162","transactionList":[{},{},{},{},{},{},{},{},{},{},{},{},{},{},{},{},{},{},{},{},{},{},{},{},{},{},{},{},{},{},{},{},{},{},[{"m":false,"E":1595591129579,"l":1891814,"M":true,"q":"4433.00000000","s":"NKNBTC","a":1044301,"T":1595591129578,"e":"aggTrade","p":"0.00000251","f":1891814},{"m":false,"E":1595591132565,"l":1891815,"M":true,"q":"607.00000000","s":"NKNBTC","a":1044302,"T":1595591132564,"e":"aggTrade","p":"0.00000251","f":1891815},{"m":false,"E":1595591138775,"l":1891816,"M":true,"q":"120.00000000","s":"NKNBTC","a":1044303,"T":1595591138774,"e":"aggTrade","p":"0.00000251","f":1891816},{"m":true,"E":1595591146255,"l":1891823,"M":true,"q":"11198.00000000","s":"NKNBTC","a":1044304,"T":1595591146254,"e":"aggTrade","p":"0.00000250","f":1891817},{"m":true,"E":1595591146258,"l":1891850,"M":true,"q":"66113.00000000","s":"NKNBTC","a":1044305,"T":1595591146254,"e":"aggTrade","p":"0.00000250","f":1891824},{"m":true,"E":1595591146258,"l":1891853,"M":true,"q":"28863.00000000","s":"NKNBTC","a":1044306,"T":1595591146254,"e":"aggTrade","p":"0.00000250","f":1891851},{"m":false,"E":1595591168540,"l":1891854,"M":true,"q":"46.00000000","s":"NKNBTC","a":1044307,"T":1595591168539,"e":"aggTrade","p":"0.00000251","f":1891854},{"m":true,"E":1595591169327,"l":1891890,"M":true,"q":"350000.00000000","s":"NKNBTC","a":1044308,"T":1595591169325,"e":"aggTrade","p":"0.00000250","f":1891855},{"m":true,"E":1595591169388,"l":1891892,"M":true,"q":"6411.00000000","s":"NKNBTC","a":1044309,"T":1595591169387,"e":"aggTrade","p":"0.00000250","f":1891891},{"m":false,"E":1595591178140,"l":1891894,"M":true,"q":"30969.00000000","s":"NKNBTC","a":1044310,"T":1595591178139,"e":"aggTrade","p":"0.00000250","f":1891893},{"m":false,"E":1595591178196,"l":1891895,"M":true,"q":"32600.00000000","s":"NKNBTC","a":1044311,"T":1595591178195,"e":"aggTrade","p":"0.00000251","f":1891895},{"m":false,"E":1595591187386,"l":1891896,"M":true,"q":"20457.00000000","s":"NKNBTC","a":1044312,"T":1595591187386,"e":"aggTrade","p":"0.00000251","f":1891896},{"m":false,"E":1595591188950,"l":1891897,"M":true,"q":"2350.00000000","s":"NKNBTC","a":1044313,"T":1595591188949,"e":"aggTrade","p":"0.00000251","f":1891897},{"m":false,"E":1595591210346,"l":1891898,"M":true,"q":"6477.00000000","s":"NKNBTC","a":1044314,"T":1595591210345,"e":"aggTrade","p":"0.00000251","f":1891898},{"m":true,"E":1595591214745,"l":1891905,"M":true,"q":"164798.00000000","s":"NKNBTC","a":1044315,"T":1595591214743,"e":"aggTrade","p":"0.00000250","f":1891899},{"m":false,"E":1595591214752,"l":1891906,"M":true,"q":"1526.00000000","s":"NKNBTC","a":1044316,"T":1595591214750,"e":"aggTrade","p":"0.00000250","f":1891906},{"m":false,"E":1595591214752,"l":1891907,"M":true,"q":"1526.00000000","s":"NKNBTC","a":1044317,"T":1595591214750,"e":"aggTrade","p":"0.00000250","f":1891907},{"m":false,"E":1595591214752,"l":1891908,"M":true,"q":"1526.00000000","s":"NKNBTC","a":1044318,"T":1595591214750,"e":"aggTrade","p":"0.00000250","f":1891908},{"m":false,"E":1595591214752,"l":1891909,"M":true,"q":"1526.00000000","s":"NKNBTC","a":1044319,"T":1595591214750,"e":"aggTrade","p":"0.00000250","f":1891909},{"m":false,"E":1595591214752,"l":1891910,"M":true,"q":"1526.00000000","s":"NKNBTC","a":1044320,"T":1595591214750,"e":"aggTrade","p":"0.00000250","f":1891910},{"m":false,"E":1595591214753,"l":1891911,"M":true,"q":"1526.00000000","s":"NKNBTC","a":1044321,"T":1595591214750,"e":"aggTrade","p":"0.00000250","f":1891911},{"m":false,"E":1595591214754,"l":1891912,"M":true,"q":"1526.00000000","s":"NKNBTC","a":1044322,"T":1595591214751,"e":"aggTrade","p":"0.00000250","f":1891912},{"m":false,"E":1595591214754,"l":1891913,"M":true,"q":"1526.00000000","s":"NKNBTC","a":1044323,"T":1595591214752,"e":"aggTrade","p":"0.00000250","f":1891913},{"m":false,"E":1595591214755,"l":1891914,"M":true,"q":"1526.00000000","s":"NKNBTC","a":1044324,"T":1595591214752,"e":"aggTrade","p":"0.00000250","f":1891914},{"m":false,"E":1595591214755,"l":1891915,"M":true,"q":"1526.00000000","s":"NKNBTC","a":1044325,"T":1595591214752,"e":"aggTrade","p":"0.00000250","f":1891915},{"m":false,"E":1595591214755,"l":1891916,"M":true,"q":"1526.00000000","s":"NKNBTC","a":1044326,"T":1595591214752,"e":"aggTrade","p":"0.00000250","f":1891916},{"m":false,"E":1595591214755,"l":1891917,"M":true,"q":"1526.00000000","s":"NKNBTC","a":1044327,"T":1595591214752,"e":"aggTrade","p":"0.00000250","f":1891917},{"m":false,"E":1595591214755,"l":1891918,"M":true,"q":"1526.00000000","s":"NKNBTC","a":1044328,"T":1595591214752,"e":"aggTrade","p":"0.00000250","f":1891918},{"m":false,"E":1595591214755,"l":1891919,"M":true,"q":"1526.00000000","s":"NKNBTC","a":1044329,"T":1595591214752,"e":"aggTrade","p":"0.00000250","f":1891919},{"m":false,"E":1595591214755,"l":1891920,"M":true,"q":"1526.00000000","s":"NKNBTC","a":1044330,"T":1595591214752,"e":"aggTrade","p":"0.00000250","f":1891920},{"m":false,"E":1595591214756,"l":1891921,"M":true,"q":"1526.00000000","s":"NKNBTC","a":1044331,"T":1595591214752,"e":"aggTrade","p":"0.00000250","f":1891921},{"m":false,"E":1595591214756,"l":1891922,"M":true,"q":"67655.00000000","s":"NKNBTC","a":1044332,"T":1595591214753,"e":"aggTrade","p":"0.00000250","f":1891922},{"m":false,"E":1595591214757,"l":1891923,"M":true,"q":"1526.00000000","s":"NKNBTC","a":1044333,"T":1595591214753,"e":"aggTrade","p":"0.00000250","f":1891923},{"m":false,"E":1595591214757,"l":1891924,"M":true,"q":"1526.00000000","s":"NKNBTC","a":1044334,"T":1595591214754,"e":"aggTrade","p":"0.00000250","f":1891924},{"m":false,"E":1595591214757,"l":1891925,"M":true,"q":"1526.00000000","s":"NKNBTC","a":1044335,"T":1595591214754,"e":"aggTrade","p":"0.00000250","f":1891925},{"m":false,"E":1595591214757,"l":1891926,"M":true,"q":"1526.00000000","s":"NKNBTC","a":1044336,"T":1595591214754,"e":"aggTrade","p":"0.00000250","f":1891926},{"m":false,"E":1595591214757,"l":1891927,"M":true,"q":"1526.00000000","s":"NKNBTC","a":1044337,"T":1595591214754,"e":"aggTrade","p":"0.00000250","f":1891927},{"m":false,"E":1595591214758,"l":1891928,"M":true,"q":"1526.00000000","s":"NKNBTC","a":1044338,"T":1595591214754,"e":"aggTrade","p":"0.00000250","f":1891928},{"m":false,"E":1595591214758,"l":1891929,"M":true,"q":"1111.00000000","s":"NKNBTC","a":1044339,"T":1595591214755,"e":"aggTrade","p":"0.00000250","f":1891929},{"m":false,"E":1595591214759,"l":1891930,"M":true,"q":"1526.00000000","s":"NKNBTC","a":1044340,"T":1595591214755,"e":"aggTrade","p":"0.00000250","f":1891930},{"m":false,"E":1595591214759,"l":1891931,"M":true,"q":"1526.00000000","s":"NKNBTC","a":1044341,"T":1595591214755,"e":"aggTrade","p":"0.00000250","f":1891931},{"m":false,"E":1595591214759,"l":1891932,"M":true,"q":"1526.00000000","s":"NKNBTC","a":1044342,"T":1595591214755,"e":"aggTrade","p":"0.00000250","f":1891932},{"m":false,"E":1595591214759,"l":1891933,"M":true,"q":"1526.00000000","s":"NKNBTC","a":1044343,"T":1595591214755,"e":"aggTrade","p":"0.00000250","f":1891933},{"m":false,"E":1595591214760,"l":1891934,"M":true,"q":"1526.00000000","s":"NKNBTC","a":1044344,"T":1595591214756,"e":"aggTrade","p":"0.00000250","f":1891934},{"m":false,"E":1595591214760,"l":1891935,"M":true,"q":"1526.00000000","s":"NKNBTC","a":1044345,"T":1595591214756,"e":"aggTrade","p":"0.00000250","f":1891935},{"m":false,"E":1595591214760,"l":1891936,"M":true,"q":"1526.00000000","s":"NKNBTC","a":1044346,"T":1595591214756,"e":"aggTrade","p":"0.00000250","f":1891936},{"m":false,"E":1595591214761,"l":1891937,"M":true,"q":"1526.00000000","s":"NKNBTC","a":1044347,"T":1595591214756,"e":"aggTrade","p":"0.00000250","f":1891937},{"m":false,"E":1595591214761,"l":1891938,"M":true,"q":"1526.00000000","s":"NKNBTC","a":1044348,"T":1595591214756,"e":"aggTrade","p":"0.00000250","f":1891938},{"m":false,"E":1595591214761,"l":1891939,"M":true,"q":"1526.00000000","s":"NKNBTC","a":1044349,"T":1595591214756,"e":"aggTrade","p":"0.00000250","f":1891939},{"m":false,"E":1595591214763,"l":1891940,"M":true,"q":"1526.00000000","s":"NKNBTC","a":1044350,"T":1595591214756,"e":"aggTrade","p":"0.00000250","f":1891940},{"m":false,"E":1595591214764,"l":1891941,"M":true,"q":"1526.00000000","s":"NKNBTC","a":1044351,"T":1595591214756,"e":"aggTrade","p":"0.00000250","f":1891941},{"m":false,"E":1595591214765,"l":1891942,"M":true,"q":"1526.00000000","s":"NKNBTC","a":1044352,"T":1595591214756,"e":"aggTrade","p":"0.00000250","f":1891942},{"m":false,"E":1595591214765,"l":1891943,"M":true,"q":"1526.00000000","s":"NKNBTC","a":1044353,"T":1595591214757,"e":"aggTrade","p":"0.00000250","f":1891943},{"m":false,"E":1595591214765,"l":1891944,"M":true,"q":"1526.00000000","s":"NKNBTC","a":1044354,"T":1595591214757,"e":"aggTrade","p":"0.00000250","f":1891944},{"m":false,"E":1595591214765,"l":1891945,"M":true,"q":"1526.00000000","s":"NKNBTC","a":1044355,"T":1595591214757,"e":"aggTrade","p":"0.00000250","f":1891945},{"m":false,"E":1595591214766,"l":1891946,"M":true,"q":"1526.00000000","s":"NKNBTC","a":1044356,"T":1595591214757,"e":"aggTrade","p":"0.00000250","f":1891946},{"m":false,"E":1595591214766,"l":1891947,"M":true,"q":"4360.00000000","s":"NKNBTC","a":1044357,"T":1595591214757,"e":"aggTrade","p":"0.00000250","f":1891947},{"m":false,"E":1595591214767,"l":1891948,"M":true,"q":"1526.00000000","s":"NKNBTC","a":1044358,"T":1595591214758,"e":"aggTrade","p":"0.00000250","f":1891948},{"m":false,"E":1595591214768,"l":1891949,"M":true,"q":"1526.00000000","s":"NKNBTC","a":1044359,"T":1595591214759,"e":"aggTrade","p":"0.00000250","f":1891949},{"m":false,"E":1595591214768,"l":1891950,"M":true,"q":"1526.00000000","s":"NKNBTC","a":1044360,"T":1595591214759,"e":"aggTrade","p":"0.00000250","f":1891950},{"m":false,"E":1595591214769,"l":1891951,"M":true,"q":"1526.00000000","s":"NKNBTC","a":1044361,"T":1595591214760,"e":"aggTrade","p":"0.00000250","f":1891951},{"m":false,"E":1595591214770,"l":1891952,"M":true,"q":"1526.00000000","s":"NKNBTC","a":1044362,"T":1595591214761,"e":"aggTrade","p":"0.00000250","f":1891952},{"m":false,"E":1595591214771,"l":1891953,"M":true,"q":"1526.00000000","s":"NKNBTC","a":1044363,"T":1595591214763,"e":"aggTrade","p":"0.00000250","f":1891953},{"m":false,"E":1595591214773,"l":1891954,"M":true,"q":"7006.00000000","s":"NKNBTC","a":1044364,"T":1595591214769,"e":"aggTrade","p":"0.00000250","f":1891954},{"m":false,"E":1595591214775,"l":1891955,"M":true,"q":"768.00000000","s":"NKNBTC","a":1044365,"T":1595591214773,"e":"aggTrade","p":"0.00000250","f":1891955},{"m":false,"E":1595591214775,"l":1891956,"M":true,"q":"18620.00000000","s":"NKNBTC","a":1044366,"T":1595591214774,"e":"aggTrade","p":"0.00000250","f":1891956},{"m":false,"E":1595591215087,"l":1891959,"M":true,"q":"35210.00000000","s":"NKNBTC","a":1044367,"T":1595591215085,"e":"aggTrade","p":"0.00000250","f":1891957},{"m":false,"E":1595591215134,"l":1891960,"M":true,"q":"2000.00000000","s":"NKNBTC","a":1044368,"T":1595591215133,"e":"aggTrade","p":"0.00000250","f":1891960},{"m":false,"E":1595591215134,"l":1891961,"M":true,"q":"4478.00000000","s":"NKNBTC","a":1044369,"T":1595591215133,"e":"aggTrade","p":"0.00000251","f":1891961},{"m":true,"E":1595591215201,"l":1891963,"M":true,"q":"4600.00000000","s":"NKNBTC","a":1044370,"T":1595591215200,"e":"aggTrade","p":"0.00000250","f":1891962},{"m":true,"E":1595591215620,"l":1891964,"M":true,"q":"1.00000000","s":"NKNBTC","a":1044371,"T":1595591215618,"e":"aggTrade","p":"0.00000250","f":1891964},{"m":false,"E":1595591217755,"l":1891965,"M":true,"q":"464.00000000","s":"NKNBTC","a":1044372,"T":1595591217755,"e":"aggTrade","p":"0.00000250","f":1891965}],[{"m":false,"E":1595600878119,"l":1893268,"M":true,"q":"1429.00000000","s":"NKNBTC","a":1044983,"T":1595600878118,"e":"aggTrade","p":"0.00000263","f":1893268},{"m":false,"E":1595600896037,"l":1893271,"M":true,"q":"21320.00000000","s":"NKNBTC","a":1044984,"T":1595600896036,"e":"aggTrade","p":"0.00000263","f":1893269},{"m":false,"E":1595600929859,"l":1893275,"M":true,"q":"7369.00000000","s":"NKNBTC","a":1044985,"T":1595600929858,"e":"aggTrade","p":"0.00000264","f":1893272},{"m":true,"E":1595600929882,"l":1893276,"M":true,"q":"5192.00000000","s":"NKNBTC","a":1044986,"T":1595600929881,"e":"aggTrade","p":"0.00000264","f":1893276},{"m":true,"E":1595600939541,"l":1893277,"M":true,"q":"6398.00000000","s":"NKNBTC","a":1044987,"T":1595600939540,"e":"aggTrade","p":"0.00000264","f":1893277},{"m":true,"E":1595600946341,"l":1893278,"M":true,"q":"417.00000000","s":"NKNBTC","a":1044988,"T":1595600946339,"e":"aggTrade","p":"0.00000264","f":1893278},{"m":true,"E":1595600949659,"l":1893279,"M":true,"q":"223.00000000","s":"NKNBTC","a":1044989,"T":1595600949658,"e":"aggTrade","p":"0.00000264","f":1893279},{"m":true,"E":1595600949659,"l":1893280,"M":true,"q":"594.00000000","s":"NKNBTC","a":1044990,"T":1595600949658,"e":"aggTrade","p":"0.00000263","f":1893280},{"m":true,"E":1595600953880,"l":1893281,"M":true,"q":"1738.00000000","s":"NKNBTC","a":1044991,"T":1595600953879,"e":"aggTrade","p":"0.00000263","f":1893281},{"m":true,"E":1595600953983,"l":1893282,"M":true,"q":"1959.00000000","s":"NKNBTC","a":1044992,"T":1595600953982,"e":"aggTrade","p":"0.00000263","f":1893282},{"m":true,"E":1595600970191,"l":1893283,"M":true,"q":"3092.00000000","s":"NKNBTC","a":1044993,"T":1595600970190,"e":"aggTrade","p":"0.00000263","f":1893283},{"m":false,"E":1595600972755,"l":1893284,"M":true,"q":"76.00000000","s":"NKNBTC","a":1044994,"T":1595600972754,"e":"aggTrade","p":"0.00000264","f":1893284},{"m":false,"E":1595600973132,"l":1893285,"M":true,"q":"114.00000000","s":"NKNBTC","a":1044995,"T":1595600973131,"e":"aggTrade","p":"0.00000264","f":1893285},{"m":false,"E":1595600973507,"l":1893286,"M":true,"q":"76.00000000","s":"NKNBTC","a":1044996,"T":1595600973506,"e":"aggTrade","p":"0.00000264","f":1893286}]]},{"peak":"13.12000000|690,-5.20833333|840,6.99404762|450,-5.11695906|420,16.95906433|330,-4.84927916|60,5.89777195|180,-8.89487871|360,5.79514825|60,-7.97799175|390,6.60247593|600,-9.61810467|1080,6.64780764|1500,-8.48920863|2220,10.93525180|1110,-3.21285141|240,23.15930388|1620,-13.72064277|1260,5.06798517|330,-8.28025478|510,3.69426752|210,-6.12777053|420,24.11994785|960,-3.93013100|60,15.06550218|330,-4.66732870|60,35.94836147|390,-12.12121212|210,15.64291564|390,-7.45814307|150,9.43683409|210,-15.04000000|330,11.12000000|90,-13.94585726|570,5.74241181|120,-4.62662338|240,10.55194805|420,-3.81097561|120,7.01219512|870,-8.41698842|390,3.39768340|540,-13.09121622|1920,43.91891892|1140,-4.22018349|60,20.12232416|60,-15.59741024|210,6.12124779|60,-9.47176685|150,9.10746812|90,-6.77361854|270,17.94414736|90,-15.74344023|240,15.10204082|90,-28.68318123|210,4.82398957|510,-5.16677567|210,6.40941792|390,-3.89527458|57,7.02426564|57,-14.79452055|744,18.08219178|528,-9.66921120|90,11.13231552|123,-18.36043360|234,3.25203252|92,-3.60299116|145,9.31339225|261,-3.47490347|3,7.78635779|53,-9.12052117|108,7.16612378|181,-5.24632118|75,6.46193218|91,-3.87016230|49,-4.52261307|141,9.73618090|203","transactionList":[{},{},{},{},{},{},{},{},{},{},{},{},{},{},{},{},{},{},{},{},{},{},{},{},{},{},{},{},{},{},{},{},{},{},{},{},{},{},{},{},{},{},{},{},{},{},{},{},{},{},{},{},{},{},{},{},{},{},{},{},{},{},{},{},{},{},{},{},{},{},{},{},{},{},[{"m":false,"E":1595592750398,"l":6495208,"M":true,"q":"20.00000000","s":"BLZBTC","a":4937792,"T":1595592750397,"e":"aggTrade","p":"0.00000798","f":6495208},{"m":true,"E":1595592802662,"l":6495209,"M":true,"q":"2781.00000000","s":"BLZBTC","a":4937793,"T":1595592802661,"e":"aggTrade","p":"0.00000795","f":6495209},{"m":false,"E":1595592806165,"l":6495210,"M":true,"q":"11025.00000000","s":"BLZBTC","a":4937794,"T":1595592806163,"e":"aggTrade","p":"0.00000797","f":6495210},{"m":false,"E":1595592812301,"l":6495211,"M":true,"q":"4667.00000000","s":"BLZBTC","a":4937795,"T":1595592812300,"e":"aggTrade","p":"0.00000797","f":6495211},{"m":false,"E":1595592851716,"l":6495212,"M":true,"q":"13.00000000","s":"BLZBTC","a":4937796,"T":1595592851715,"e":"aggTrade","p":"0.00000797","f":6495212},{"m":true,"E":1595592857205,"l":6495213,"M":true,"q":"56.00000000","s":"BLZBTC","a":4937797,"T":1595592857204,"e":"aggTrade","p":"0.00000795","f":6495213},{"m":true,"E":1595592858639,"l":6495214,"M":true,"q":"56.00000000","s":"BLZBTC","a":4937798,"T":1595592858637,"e":"aggTrade","p":"0.00000795","f":6495214}],[{"m":false,"E":1595604962862,"l":6499469,"M":true,"q":"21.00000000","s":"BLZBTC","a":4940182,"T":1595604962861,"e":"aggTrade","p":"0.00000866","f":6499469},{"m":false,"E":1595604968162,"l":6499470,"M":true,"q":"35.00000000","s":"BLZBTC","a":4940183,"T":1595604968161,"e":"aggTrade","p":"0.00000863","f":6499470},{"m":false,"E":1595604968592,"l":6499471,"M":true,"q":"12.00000000","s":"BLZBTC","a":4940184,"T":1595604968591,"e":"aggTrade","p":"0.00000863","f":6499471},{"m":false,"E":1595604972463,"l":6499472,"M":true,"q":"1218.00000000","s":"BLZBTC","a":4940185,"T":1595604972463,"e":"aggTrade","p":"0.00000863","f":6499472},{"m":false,"E":1595604974320,"l":6499473,"M":true,"q":"3.00000000","s":"BLZBTC","a":4940186,"T":1595604974319,"e":"aggTrade","p":"0.00000864","f":6499473},{"m":false,"E":1595604976864,"l":6499475,"M":true,"q":"23599.00000000","s":"BLZBTC","a":4940187,"T":1595604976858,"e":"aggTrade","p":"0.00000864","f":6499474},{"m":false,"E":1595604976864,"l":6499477,"M":true,"q":"14576.00000000","s":"BLZBTC","a":4940188,"T":1595604976858,"e":"aggTrade","p":"0.00000865","f":6499476},{"m":false,"E":1595604976864,"l":6499484,"M":true,"q":"1317.00000000","s":"BLZBTC","a":4940189,"T":1595604976858,"e":"aggTrade","p":"0.00000866","f":6499478},{"m":false,"E":1595604976864,"l":6499489,"M":true,"q":"15152.00000000","s":"BLZBTC","a":4940190,"T":1595604976858,"e":"aggTrade","p":"0.00000867","f":6499485},{"m":false,"E":1595604976864,"l":6499490,"M":true,"q":"43.00000000","s":"BLZBTC","a":4940191,"T":1595604976858,"e":"aggTrade","p":"0.00000868","f":6499490},{"m":false,"E":1595604976864,"l":6499497,"M":true,"q":"236.00000000","s":"BLZBTC","a":4940192,"T":1595604976858,"e":"aggTrade","p":"0.00000869","f":6499491},{"m":false,"E":1595604976864,"l":6499508,"M":true,"q":"4741.00000000","s":"BLZBTC","a":4940193,"T":1595604976858,"e":"aggTrade","p":"0.00000870","f":6499498},{"m":true,"E":1595604976871,"l":6499509,"M":true,"q":"22212.00000000","s":"BLZBTC","a":4940194,"T":1595604976868,"e":"aggTrade","p":"0.00000870","f":6499509},{"m":true,"E":1595604976883,"l":6499510,"M":true,"q":"18.00000000","s":"BLZBTC","a":4940195,"T":1595604976873,"e":"aggTrade","p":"0.00000870","f":6499510},{"m":true,"E":1595604976884,"l":6499511,"M":true,"q":"357.00000000","s":"BLZBTC","a":4940196,"T":1595604976873,"e":"aggTrade","p":"0.00000870","f":6499511},{"m":true,"E":1595604976889,"l":6499512,"M":true,"q":"12456.00000000","s":"BLZBTC","a":4940197,"T":1595604976876,"e":"aggTrade","p":"0.00000870","f":6499512},{"m":false,"E":1595604976904,"l":6499513,"M":true,"q":"1222.00000000","s":"BLZBTC","a":4940198,"T":1595604976903,"e":"aggTrade","p":"0.00000864","f":6499513},{"m":false,"E":1595604976904,"l":6499514,"M":true,"q":"276.00000000","s":"BLZBTC","a":4940199,"T":1595604976903,"e":"aggTrade","p":"0.00000864","f":6499514},{"m":false,"E":1595604981086,"l":6499515,"M":true,"q":"12.00000000","s":"BLZBTC","a":4940200,"T":1595604981085,"e":"aggTrade","p":"0.00000869","f":6499515},{"m":false,"E":1595604981857,"l":6499516,"M":true,"q":"35.00000000","s":"BLZBTC","a":4940201,"T":1595604981856,"e":"aggTrade","p":"0.00000869","f":6499516},{"m":false,"E":1595604982037,"l":6499517,"M":true,"q":"12.00000000","s":"BLZBTC","a":4940202,"T":1595604982036,"e":"aggTrade","p":"0.00000869","f":6499517},{"m":false,"E":1595604982100,"l":6499518,"M":true,"q":"24.00000000","s":"BLZBTC","a":4940203,"T":1595604982099,"e":"aggTrade","p":"0.00000869","f":6499518},{"m":false,"E":1595604982110,"l":6499519,"M":true,"q":"24.00000000","s":"BLZBTC","a":4940204,"T":1595604982108,"e":"aggTrade","p":"0.00000869","f":6499519},{"m":false,"E":1595604982204,"l":6499520,"M":true,"q":"24.00000000","s":"BLZBTC","a":4940205,"T":1595604982203,"e":"aggTrade","p":"0.00000869","f":6499520},{"m":false,"E":1595604982254,"l":6499521,"M":true,"q":"21.00000000","s":"BLZBTC","a":4940206,"T":1595604982253,"e":"aggTrade","p":"0.00000869","f":6499521},{"m":false,"E":1595604988053,"l":6499522,"M":true,"q":"791.00000000","s":"BLZBTC","a":4940207,"T":1595604988052,"e":"aggTrade","p":"0.00000868","f":6499522},{"m":false,"E":1595604988072,"l":6499523,"M":true,"q":"55.00000000","s":"BLZBTC","a":4940208,"T":1595604988071,"e":"aggTrade","p":"0.00000869","f":6499523},{"m":false,"E":1595604990090,"l":6499524,"M":true,"q":"200.00000000","s":"BLZBTC","a":4940209,"T":1595604990089,"e":"aggTrade","p":"0.00000870","f":6499524},{"m":true,"E":1595604990448,"l":6499525,"M":true,"q":"80.00000000","s":"BLZBTC","a":4940210,"T":1595604990447,"e":"aggTrade","p":"0.00000870","f":6499525},{"m":true,"E":1595604993766,"l":6499526,"M":true,"q":"24.00000000","s":"BLZBTC","a":4940211,"T":1595604993765,"e":"aggTrade","p":"0.00000868","f":6499526},{"m":true,"E":1595604993860,"l":6499527,"M":true,"q":"24.00000000","s":"BLZBTC","a":4940212,"T":1595604993859,"e":"aggTrade","p":"0.00000868","f":6499527},{"m":true,"E":1595604993921,"l":6499528,"M":true,"q":"1155.00000000","s":"BLZBTC","a":4940213,"T":1595604993920,"e":"aggTrade","p":"0.00000868","f":6499528},{"m":true,"E":1595604993940,"l":6499529,"M":true,"q":"116.00000000","s":"BLZBTC","a":4940214,"T":1595604993940,"e":"aggTrade","p":"0.00000868","f":6499529},{"m":true,"E":1595604993986,"l":6499530,"M":true,"q":"24.00000000","s":"BLZBTC","a":4940215,"T":1595604993984,"e":"aggTrade","p":"0.00000868","f":6499530},{"m":false,"E":1595604994100,"l":6499531,"M":true,"q":"12.00000000","s":"BLZBTC","a":4940216,"T":1595604994099,"e":"aggTrade","p":"0.00000870","f":6499531},{"m":false,"E":1595604995130,"l":6499536,"M":true,"q":"1580.00000000","s":"BLZBTC","a":4940217,"T":1595604995129,"e":"aggTrade","p":"0.00000871","f":6499532},{"m":false,"E":1595604995254,"l":6499537,"M":true,"q":"6.00000000","s":"BLZBTC","a":4940218,"T":1595604995252,"e":"aggTrade","p":"0.00000871","f":6499537},{"m":false,"E":1595604995254,"l":6499542,"M":true,"q":"410.00000000","s":"BLZBTC","a":4940219,"T":1595604995252,"e":"aggTrade","p":"0.00000872","f":6499538},{"m":false,"E":1595604997982,"l":6499543,"M":true,"q":"963.00000000","s":"BLZBTC","a":4940220,"T":1595604997982,"e":"aggTrade","p":"0.00000872","f":6499543},{"m":true,"E":1595605000469,"l":6499546,"M":true,"q":"6559.00000000","s":"BLZBTC","a":4940221,"T":1595605000468,"e":"aggTrade","p":"0.00000872","f":6499544},{"m":false,"E":1595605000580,"l":6499549,"M":true,"q":"13787.00000000","s":"BLZBTC","a":4940222,"T":1595605000579,"e":"aggTrade","p":"0.00000873","f":6499547},{"m":true,"E":1595605001063,"l":6499550,"M":true,"q":"3555.00000000","s":"BLZBTC","a":4940223,"T":1595605001062,"e":"aggTrade","p":"0.00000872","f":6499550},{"m":true,"E":1595605002231,"l":6499551,"M":true,"q":"2000.00000000","s":"BLZBTC","a":4940224,"T":1595605002230,"e":"aggTrade","p":"0.00000872","f":6499551},{"m":true,"E":1595605002690,"l":6499552,"M":true,"q":"1530.00000000","s":"BLZBTC","a":4940225,"T":1595605002689,"e":"aggTrade","p":"0.00000872","f":6499552},{"m":false,"E":1595605005457,"l":6499553,"M":true,"q":"1683.00000000","s":"BLZBTC","a":4940226,"T":1595605005456,"e":"aggTrade","p":"0.00000873","f":6499553},{"m":false,"E":1595605005940,"l":6499554,"M":true,"q":"2232.00000000","s":"BLZBTC","a":4940227,"T":1595605005939,"e":"aggTrade","p":"0.00000873","f":6499554},{"m":true,"E":1595605006933,"l":6499555,"M":true,"q":"525.00000000","s":"BLZBTC","a":4940228,"T":1595605006932,"e":"aggTrade","p":"0.00000872","f":6499555},{"m":false,"E":1595605007658,"l":6499556,"M":true,"q":"302.00000000","s":"BLZBTC","a":4940229,"T":1595605007657,"e":"aggTrade","p":"0.00000873","f":6499556},{"m":false,"E":1595605007834,"l":6499557,"M":true,"q":"1674.00000000","s":"BLZBTC","a":4940230,"T":1595605007833,"e":"aggTrade","p":"0.00000873","f":6499557},{"m":false,"E":1595605009284,"l":6499558,"M":true,"q":"1256.00000000","s":"BLZBTC","a":4940231,"T":1595605009283,"e":"aggTrade","p":"0.00000873","f":6499558},{"m":false,"E":1595605010511,"l":6499559,"M":true,"q":"943.00000000","s":"BLZBTC","a":4940232,"T":1595605010510,"e":"aggTrade","p":"0.00000873","f":6499559},{"m":true,"E":1595605010667,"l":6499560,"M":true,"q":"6145.00000000","s":"BLZBTC","a":4940233,"T":1595605010666,"e":"aggTrade","p":"0.00000872","f":6499560},{"m":false,"E":1595605011545,"l":6499563,"M":true,"q":"707.00000000","s":"BLZBTC","a":4940234,"T":1595605011544,"e":"aggTrade","p":"0.00000873","f":6499561},{"m":false,"E":1595605013556,"l":6499567,"M":true,"q":"85.00000000","s":"BLZBTC","a":4940235,"T":1595605013554,"e":"aggTrade","p":"0.00000873","f":6499564},{"m":false,"E":1595605013556,"l":6499569,"M":true,"q":"446.00000000","s":"BLZBTC","a":4940236,"T":1595605013554,"e":"aggTrade","p":"0.00000874","f":6499568},{"m":true,"E":1595605014768,"l":6499570,"M":true,"q":"23.00000000","s":"BLZBTC","a":4940237,"T":1595605014767,"e":"aggTrade","p":"0.00000873","f":6499570},{"m":false,"E":1595605016782,"l":6499571,"M":true,"q":"398.00000000","s":"BLZBTC","a":4940238,"T":1595605016781,"e":"aggTrade","p":"0.00000873","f":6499571},{"m":false,"E":1595605017129,"l":6499572,"M":true,"q":"35.00000000","s":"BLZBTC","a":4940239,"T":1595605017128,"e":"aggTrade","p":"0.00000873","f":6499572},{"m":false,"E":1595605017274,"l":6499573,"M":true,"q":"12.00000000","s":"BLZBTC","a":4940240,"T":1595605017273,"e":"aggTrade","p":"0.00000873","f":6499573},{"m":true,"E":1595605018500,"l":6499574,"M":true,"q":"1530.00000000","s":"BLZBTC","a":4940241,"T":1595605018499,"e":"aggTrade","p":"0.00000872","f":6499574},{"m":true,"E":1595605019211,"l":6499575,"M":true,"q":"1219.00000000","s":"BLZBTC","a":4940242,"T":1595605019210,"e":"aggTrade","p":"0.00000872","f":6499575},{"m":false,"E":1595605020737,"l":6499577,"M":true,"q":"1606.00000000","s":"BLZBTC","a":4940243,"T":1595605020735,"e":"aggTrade","p":"0.00000873","f":6499576},{"m":false,"E":1595605020737,"l":6499578,"M":true,"q":"165.00000000","s":"BLZBTC","a":4940244,"T":1595605020735,"e":"aggTrade","p":"0.00000874","f":6499578},{"m":true,"E":1595605020938,"l":6499579,"M":true,"q":"1727.00000000","s":"BLZBTC","a":4940245,"T":1595605020937,"e":"aggTrade","p":"0.00000873","f":6499579},{"m":true,"E":1595605022165,"l":6499580,"M":true,"q":"500.00000000","s":"BLZBTC","a":4940246,"T":1595605022164,"e":"aggTrade","p":"0.00000873","f":6499580},{"m":true,"E":1595605022252,"l":6499581,"M":true,"q":"610.00000000","s":"BLZBTC","a":4940247,"T":1595605022251,"e":"aggTrade","p":"0.00000873","f":6499581},{"m":true,"E":1595605024030,"l":6499582,"M":true,"q":"12.00000000","s":"BLZBTC","a":4940248,"T":1595605024029,"e":"aggTrade","p":"0.00000870","f":6499582},{"m":true,"E":1595605024030,"l":6499584,"M":true,"q":"76.00000000","s":"BLZBTC","a":4940249,"T":1595605024029,"e":"aggTrade","p":"0.00000868","f":6499583},{"m":true,"E":1595605024109,"l":6499585,"M":true,"q":"8000.00000000","s":"BLZBTC","a":4940250,"T":1595605024107,"e":"aggTrade","p":"0.00000871","f":6499585},{"m":true,"E":1595605024128,"l":6499586,"M":true,"q":"1093.00000000","s":"BLZBTC","a":4940251,"T":1595605024117,"e":"aggTrade","p":"0.00000871","f":6499586},{"m":true,"E":1595605024130,"l":6499587,"M":true,"q":"77.00000000","s":"BLZBTC","a":4940252,"T":1595605024119,"e":"aggTrade","p":"0.00000871","f":6499587},{"m":false,"E":1595605025014,"l":6499588,"M":true,"q":"13.00000000","s":"BLZBTC","a":4940253,"T":1595605025013,"e":"aggTrade","p":"0.00000874","f":6499588},{"m":true,"E":1595605026601,"l":6499590,"M":true,"q":"5659.00000000","s":"BLZBTC","a":4940254,"T":1595605026600,"e":"aggTrade","p":"0.00000868","f":6499589},{"m":true,"E":1595605026601,"l":6499592,"M":true,"q":"678.00000000","s":"BLZBTC","a":4940255,"T":1595605026600,"e":"aggTrade","p":"0.00000867","f":6499591},{"m":true,"E":1595605026677,"l":6499593,"M":true,"q":"836.00000000","s":"BLZBTC","a":4940256,"T":1595605026674,"e":"aggTrade","p":"0.00000867","f":6499593},{"m":true,"E":1595605026677,"l":6499596,"M":true,"q":"1286.00000000","s":"BLZBTC","a":4940257,"T":1595605026674,"e":"aggTrade","p":"0.00000866","f":6499594},{"m":true,"E":1595605026677,"l":6499600,"M":true,"q":"182.00000000","s":"BLZBTC","a":4940258,"T":1595605026674,"e":"aggTrade","p":"0.00000865","f":6499597},{"m":true,"E":1595605026677,"l":6499607,"M":true,"q":"2160.00000000","s":"BLZBTC","a":4940259,"T":1595605026674,"e":"aggTrade","p":"0.00000864","f":6499601},{"m":true,"E":1595605026677,"l":6499608,"M":true,"q":"1611.00000000","s":"BLZBTC","a":4940260,"T":1595605026674,"e":"aggTrade","p":"0.00000863","f":6499608},{"m":false,"E":1595605027674,"l":6499610,"M":true,"q":"23.00000000","s":"BLZBTC","a":4940261,"T":1595605027673,"e":"aggTrade","p":"0.00000873","f":6499609},{"m":false,"E":1595605027795,"l":6499611,"M":true,"q":"17.00000000","s":"BLZBTC","a":4940262,"T":1595605027794,"e":"aggTrade","p":"0.00000871","f":6499611},{"m":false,"E":1595605027795,"l":6499614,"M":true,"q":"5495.00000000","s":"BLZBTC","a":4940263,"T":1595605027794,"e":"aggTrade","p":"0.00000873","f":6499612},{"m":false,"E":1595605027795,"l":6499615,"M":true,"q":"1494.00000000","s":"BLZBTC","a":4940264,"T":1595605027794,"e":"aggTrade","p":"0.00000874","f":6499615},{"m":false,"E":1595605028093,"l":6499616,"M":true,"q":"23.00000000","s":"BLZBTC","a":4940265,"T":1595605028092,"e":"aggTrade","p":"0.00000873","f":6499616},{"m":true,"E":1595605033460,"l":6499617,"M":true,"q":"17.00000000","s":"BLZBTC","a":4940266,"T":1595605033459,"e":"aggTrade","p":"0.00000868","f":6499617},{"m":false,"E":1595605035595,"l":6499618,"M":true,"q":"21.00000000","s":"BLZBTC","a":4940267,"T":1595605035594,"e":"aggTrade","p":"0.00000868","f":6499618},{"m":true,"E":1595605037544,"l":6499619,"M":true,"q":"200.00000000","s":"BLZBTC","a":4940268,"T":1595605037543,"e":"aggTrade","p":"0.00000867","f":6499619},{"m":false,"E":1595605039722,"l":6499620,"M":true,"q":"116.00000000","s":"BLZBTC","a":4940269,"T":1595605039721,"e":"aggTrade","p":"0.00000868","f":6499620},{"m":false,"E":1595605045631,"l":6499621,"M":true,"q":"300.00000000","s":"BLZBTC","a":4940270,"T":1595605045630,"e":"aggTrade","p":"0.00000868","f":6499621},{"m":false,"E":1595605045946,"l":6499622,"M":true,"q":"12.00000000","s":"BLZBTC","a":4940271,"T":1595605045944,"e":"aggTrade","p":"0.00000868","f":6499622},{"m":false,"E":1595605047667,"l":6499623,"M":true,"q":"572.00000000","s":"BLZBTC","a":4940272,"T":1595605047666,"e":"aggTrade","p":"0.00000868","f":6499623},{"m":false,"E":1595605047667,"l":6499629,"M":true,"q":"259.00000000","s":"BLZBTC","a":4940273,"T":1595605047666,"e":"aggTrade","p":"0.00000870","f":6499624},{"m":false,"E":1595605047678,"l":6499630,"M":true,"q":"49.00000000","s":"BLZBTC","a":4940274,"T":1595605047677,"e":"aggTrade","p":"0.00000870","f":6499630},{"m":false,"E":1595605047678,"l":6499631,"M":true,"q":"21.00000000","s":"BLZBTC","a":4940275,"T":1595605047677,"e":"aggTrade","p":"0.00000871","f":6499631},{"m":false,"E":1595605050560,"l":6499632,"M":true,"q":"12.00000000","s":"BLZBTC","a":4940276,"T":1595605050559,"e":"aggTrade","p":"0.00000871","f":6499632},{"m":false,"E":1595605052924,"l":6499636,"M":true,"q":"78.00000000","s":"BLZBTC","a":4940277,"T":1595605052922,"e":"aggTrade","p":"0.00000871","f":6499633},{"m":true,"E":1595605055462,"l":6499639,"M":true,"q":"161.00000000","s":"BLZBTC","a":4940278,"T":1595605055459,"e":"aggTrade","p":"0.00000871","f":6499637},{"m":true,"E":1595605055462,"l":6499640,"M":true,"q":"14.00000000","s":"BLZBTC","a":4940279,"T":1595605055459,"e":"aggTrade","p":"0.00000869","f":6499640},{"m":true,"E":1595605055462,"l":6499641,"M":true,"q":"14.00000000","s":"BLZBTC","a":4940280,"T":1595605055459,"e":"aggTrade","p":"0.00000868","f":6499641},{"m":true,"E":1595605055462,"l":6499643,"M":true,"q":"66.00000000","s":"BLZBTC","a":4940281,"T":1595605055459,"e":"aggTrade","p":"0.00000866","f":6499642},{"m":true,"E":1595605055462,"l":6499647,"M":true,"q":"265.00000000","s":"BLZBTC","a":4940282,"T":1595605055459,"e":"aggTrade","p":"0.00000865","f":6499644},{"m":false,"E":1595605055904,"l":6499648,"M":true,"q":"12.00000000","s":"BLZBTC","a":4940283,"T":1595605055903,"e":"aggTrade","p":"0.00000872","f":6499648},{"m":false,"E":1595605056570,"l":6499651,"M":true,"q":"410.00000000","s":"BLZBTC","a":4940284,"T":1595605056568,"e":"aggTrade","p":"0.00000872","f":6499649},{"m":false,"E":1595605056669,"l":6499652,"M":true,"q":"21.00000000","s":"BLZBTC","a":4940285,"T":1595605056667,"e":"aggTrade","p":"0.00000872","f":6499652},{"m":true,"E":1595605056779,"l":6499653,"M":true,"q":"74.00000000","s":"BLZBTC","a":4940286,"T":1595605056778,"e":"aggTrade","p":"0.00000866","f":6499653},{"m":false,"E":1595605058844,"l":6499654,"M":true,"q":"17.00000000","s":"BLZBTC","a":4940287,"T":1595605058843,"e":"aggTrade","p":"0.00000870","f":6499654},{"m":false,"E":1595605058844,"l":6499655,"M":true,"q":"6.00000000","s":"BLZBTC","a":4940288,"T":1595605058843,"e":"aggTrade","p":"0.00000871","f":6499655},{"m":false,"E":1595605059084,"l":6499656,"M":true,"q":"35.00000000","s":"BLZBTC","a":4940289,"T":1595605059083,"e":"aggTrade","p":"0.00000871","f":6499656},{"m":false,"E":1595605061338,"l":6499657,"M":true,"q":"120.00000000","s":"BLZBTC","a":4940290,"T":1595605061337,"e":"aggTrade","p":"0.00000870","f":6499657},{"m":false,"E":1595605061338,"l":6499659,"M":true,"q":"28.00000000","s":"BLZBTC","a":4940291,"T":1595605061337,"e":"aggTrade","p":"0.00000871","f":6499658},{"m":true,"E":1595605064546,"l":6499660,"M":true,"q":"161.00000000","s":"BLZBTC","a":4940292,"T":1595605064545,"e":"aggTrade","p":"0.00000871","f":6499660},{"m":true,"E":1595605064546,"l":6499661,"M":true,"q":"685.00000000","s":"BLZBTC","a":4940293,"T":1595605064545,"e":"aggTrade","p":"0.00000869","f":6499661},{"m":false,"E":1595605064608,"l":6499662,"M":true,"q":"53.00000000","s":"BLZBTC","a":4940294,"T":1595605064607,"e":"aggTrade","p":"0.00000872","f":6499662},{"m":false,"E":1595605064608,"l":6499664,"M":true,"q":"50.00000000","s":"BLZBTC","a":4940295,"T":1595605064607,"e":"aggTrade","p":"0.00000873","f":6499663},{"m":false,"E":1595605066304,"l":6499665,"M":true,"q":"12.00000000","s":"BLZBTC","a":4940296,"T":1595605066303,"e":"aggTrade","p":"0.00000873","f":6499665},{"m":true,"E":1595605072660,"l":6499666,"M":true,"q":"14.00000000","s":"BLZBTC","a":4940297,"T":1595605072658,"e":"aggTrade","p":"0.00000871","f":6499666},{"m":true,"E":1595605072660,"l":6499667,"M":true,"q":"14.00000000","s":"BLZBTC","a":4940298,"T":1595605072658,"e":"aggTrade","p":"0.00000870","f":6499667},{"m":true,"E":1595605072660,"l":6499668,"M":true,"q":"255.00000000","s":"BLZBTC","a":4940299,"T":1595605072658,"e":"aggTrade","p":"0.00000869","f":6499668},{"m":true,"E":1595605072660,"l":6499670,"M":true,"q":"31.00000000","s":"BLZBTC","a":4940300,"T":1595605072658,"e":"aggTrade","p":"0.00000868","f":6499669},{"m":true,"E":1595605072660,"l":6499671,"M":true,"q":"19.00000000","s":"BLZBTC","a":4940301,"T":1595605072658,"e":"aggTrade","p":"0.00000867","f":6499671},{"m":true,"E":1595605075950,"l":6499672,"M":true,"q":"28373.00000000","s":"BLZBTC","a":4940302,"T":1595605075949,"e":"aggTrade","p":"0.00000870","f":6499672}]]},{"peak":"17.32490785|810,-3.96640224|120,3.63975735|90,-6.77884615|420,13.70192308|180,-7.69581056|210,7.46812386|150,-5.54561717|150,10.55456172|300,-6.13997424|120,4.16487763|60,-14.75875118|930,10.97445601|750,-15.28255528|2370,5.89680590|240,-5.12195122|240,5.07317073|120,-8.18684078|2280,15.77096936|2340,-7.15946072|990,5.90423059|450,-3.17028986|120,24.86413043|600,-7.19284603|150,22.08398134|90,-15.22935780|360,7.22935780|90,-7.90251108|240,4.72673560|90,-7.87371624|720,10.27006466|630,-8.69891264|930,4.64941882|270,-14.01143791|780,7.55718954|450,-4.40126883|690,15.62252181|570,-5.46112116|180,4.15913201|270,-5.64930301|300,10.30814380|360,-3.51118761|90,4.95697074|300,-4.99311295|240,3.61570248|150,-7.54110079|780,4.89635454|180,-4.56002850|120,5.73566085|780,-10.91180867|900,3.43796712|390,-8.54901961|1110,6.58823529|510,-5.02318393|1050,4.86862442|465,-3.39047619|618,3.23809524|229,-7.75347913|401,3.02186879|305,3.02186879|305,-3.47444089|321,3.83386581|61","transactionList":[{},{},{},{},{},{},{},{},{},{},{},{},{},{},{},{},{},{},{},{},{},{},{},{},{},{},{},{},{},{},{},{},{},{},{},{},{},{},{},{},{},{},{},{},{},{},{},{},{},{},{},{},{},{},{},{},{},{},{},[{"m":false,"l":6451893,"M":true,"q":"69.00000000","a":4888435,"T":1595579843280,"p":"0.00001295","f":6451893},{"m":true,"l":6451894,"M":true,"q":"300.00000000","a":4888436,"T":1595579849023,"p":"0.00001292","f":6451894},{"m":false,"l":6451895,"M":true,"q":"4269.00000000","a":4888437,"T":1595579851617,"p":"0.00001295","f":6451895},{"m":false,"l":6451896,"M":true,"q":"6942.00000000","a":4888438,"T":1595579871675,"p":"0.00001295","f":6451896},{"m":false,"l":6451897,"M":true,"q":"19.00000000","a":4888439,"T":1595579885264,"p":"0.00001295","f":6451897},{"m":false,"l":6451899,"M":true,"q":"69.00000000","a":4888440,"T":1595579889773,"p":"0.00001296","f":6451898},{"m":false,"l":6451902,"M":true,"q":"69.00000000","a":4888441,"T":1595579894813,"p":"0.00001296","f":6451900},{"m":false,"l":6451903,"M":true,"q":"420.00000000","a":4888442,"T":1595579906540,"p":"0.00001296","f":6451903}],[{"m":false,"E":1595599102783,"l":6452756,"M":true,"q":"16.00000000","s":"LRCBTC","a":4889040,"T":1595599102782,"e":"aggTrade","p":"0.00001261","f":6452756},{"m":false,"E":1595599111439,"l":6452757,"M":true,"q":"12.00000000","s":"LRCBTC","a":4889041,"T":1595599111438,"e":"aggTrade","p":"0.00001261","f":6452757},{"m":true,"E":1595599111869,"l":6452760,"M":true,"q":"44.00000000","s":"LRCBTC","a":4889042,"T":1595599111868,"e":"aggTrade","p":"0.00001260","f":6452758},{"m":true,"E":1595599111869,"l":6452761,"M":true,"q":"241.00000000","s":"LRCBTC","a":4889043,"T":1595599111868,"e":"aggTrade","p":"0.00001257","f":6452761},{"m":false,"E":1595599111965,"l":6452762,"M":true,"q":"115.00000000","s":"LRCBTC","a":4889044,"T":1595599111965,"e":"aggTrade","p":"0.00001257","f":6452762},{"m":true,"E":1595599119214,"l":6452768,"M":true,"q":"14913.00000000","s":"LRCBTC","a":4889045,"T":1595599119213,"e":"aggTrade","p":"0.00001256","f":6452763},{"m":true,"E":1595599119214,"l":6452769,"M":true,"q":"1234.00000000","s":"LRCBTC","a":4889046,"T":1595599119213,"e":"aggTrade","p":"0.00001255","f":6452769},{"m":false,"E":1595599121315,"l":6452770,"M":true,"q":"2.00000000","s":"LRCBTC","a":4889047,"T":1595599121314,"e":"aggTrade","p":"0.00001260","f":6452770},{"m":true,"E":1595599149407,"l":6452779,"M":true,"q":"7559.00000000","s":"LRCBTC","a":4889048,"T":1595599149398,"e":"aggTrade","p":"0.00001255","f":6452771},{"m":true,"E":1595599149407,"l":6452783,"M":true,"q":"5188.00000000","s":"LRCBTC","a":4889049,"T":1595599149398,"e":"aggTrade","p":"0.00001254","f":6452780},{"m":true,"E":1595599149407,"l":6452787,"M":true,"q":"3159.00000000","s":"LRCBTC","a":4889050,"T":1595599149398,"e":"aggTrade","p":"0.00001253","f":6452784},{"m":true,"E":1595599149407,"l":6452790,"M":true,"q":"1828.00000000","s":"LRCBTC","a":4889051,"T":1595599149398,"e":"aggTrade","p":"0.00001252","f":6452788},{"m":true,"E":1595599149407,"l":6452798,"M":true,"q":"9225.00000000","s":"LRCBTC","a":4889052,"T":1595599149398,"e":"aggTrade","p":"0.00001251","f":6452791},{"m":true,"E":1595599149407,"l":6452845,"M":true,"q":"40746.00000000","s":"LRCBTC","a":4889053,"T":1595599149398,"e":"aggTrade","p":"0.00001250","f":6452799},{"m":true,"E":1595599149407,"l":6452848,"M":true,"q":"1341.00000000","s":"LRCBTC","a":4889054,"T":1595599149398,"e":"aggTrade","p":"0.00001250","f":6452846},{"m":true,"E":1595599149407,"l":6452850,"M":true,"q":"946.00000000","s":"LRCBTC","a":4889055,"T":1595599149398,"e":"aggTrade","p":"0.00001250","f":6452849},{"m":true,"E":1595599149407,"l":6452851,"M":true,"q":"1628.00000000","s":"LRCBTC","a":4889056,"T":1595599149398,"e":"aggTrade","p":"0.00001250","f":6452851},{"m":true,"E":1595599149407,"l":6452855,"M":true,"q":"3203.00000000","s":"LRCBTC","a":4889057,"T":1595599149398,"e":"aggTrade","p":"0.00001249","f":6452852},{"m":false,"E":1595599149414,"l":6452857,"M":true,"q":"2010.00000000","s":"LRCBTC","a":4889058,"T":1595599149413,"e":"aggTrade","p":"0.00001250","f":6452856},{"m":false,"E":1595599149414,"l":6452859,"M":true,"q":"372.00000000","s":"LRCBTC","a":4889059,"T":1595599149413,"e":"aggTrade","p":"0.00001250","f":6452858},{"m":false,"E":1595599149414,"l":6452861,"M":true,"q":"212.00000000","s":"LRCBTC","a":4889060,"T":1595599149413,"e":"aggTrade","p":"0.00001250","f":6452860},{"m":false,"E":1595599149425,"l":6452862,"M":true,"q":"99.00000000","s":"LRCBTC","a":4889061,"T":1595599149421,"e":"aggTrade","p":"0.00001251","f":6452862},{"m":false,"E":1595599149462,"l":6452863,"M":true,"q":"2.00000000","s":"LRCBTC","a":4889062,"T":1595599149461,"e":"aggTrade","p":"0.00001259","f":6452863},{"m":true,"E":1595599152023,"l":6452864,"M":true,"q":"71.00000000","s":"LRCBTC","a":4889063,"T":1595599152022,"e":"aggTrade","p":"0.00001252","f":6452864},{"m":true,"E":1595599152037,"l":6452865,"M":true,"q":"115.00000000","s":"LRCBTC","a":4889064,"T":1595599152036,"e":"aggTrade","p":"0.00001252","f":6452865},{"m":true,"E":1595599152874,"l":6452866,"M":true,"q":"1621.00000000","s":"LRCBTC","a":4889065,"T":1595599152872,"e":"aggTrade","p":"0.00001252","f":6452866},{"m":true,"E":1595599152874,"l":6452868,"M":true,"q":"1338.00000000","s":"LRCBTC","a":4889066,"T":1595599152872,"e":"aggTrade","p":"0.00001251","f":6452867},{"m":true,"E":1595599152874,"l":6452869,"M":true,"q":"714.00000000","s":"LRCBTC","a":4889067,"T":1595599152872,"e":"aggTrade","p":"0.00001249","f":6452869},{"m":false,"E":1595599153256,"l":6452870,"M":true,"q":"860.00000000","s":"LRCBTC","a":4889068,"T":1595599153255,"e":"aggTrade","p":"0.00001256","f":6452870},{"m":true,"E":1595599153510,"l":6452871,"M":true,"q":"46.00000000","s":"LRCBTC","a":4889069,"T":1595599153509,"e":"aggTrade","p":"0.00001250","f":6452871},{"m":true,"E":1595599153742,"l":6452872,"M":true,"q":"54.00000000","s":"LRCBTC","a":4889070,"T":1595599153740,"e":"aggTrade","p":"0.00001251","f":6452872},{"m":true,"E":1595599153960,"l":6452873,"M":true,"q":"54.00000000","s":"LRCBTC","a":4889071,"T":1595599153959,"e":"aggTrade","p":"0.00001251","f":6452873},{"m":true,"E":1595599154414,"l":6452874,"M":true,"q":"164.00000000","s":"LRCBTC","a":4889072,"T":1595599154413,"e":"aggTrade","p":"0.00001251","f":6452874},{"m":true,"E":1595599154903,"l":6452875,"M":true,"q":"2128.00000000","s":"LRCBTC","a":4889073,"T":1595599154901,"e":"aggTrade","p":"0.00001251","f":6452875},{"m":true,"E":1595599154942,"l":6452876,"M":true,"q":"1342.00000000","s":"LRCBTC","a":4889074,"T":1595599154941,"e":"aggTrade","p":"0.00001251","f":6452876},{"m":true,"E":1595599155324,"l":6452877,"M":true,"q":"3245.00000000","s":"LRCBTC","a":4889075,"T":1595599155323,"e":"aggTrade","p":"0.00001252","f":6452877},{"m":false,"E":1595599156761,"l":6452878,"M":true,"q":"5301.00000000","s":"LRCBTC","a":4889076,"T":1595599156760,"e":"aggTrade","p":"0.00001254","f":6452878},{"m":false,"E":1595599158942,"l":6452879,"M":true,"q":"3081.00000000","s":"LRCBTC","a":4889077,"T":1595599158941,"e":"aggTrade","p":"0.00001254","f":6452879},{"m":false,"E":1595599159616,"l":6452881,"M":true,"q":"1572.00000000","s":"LRCBTC","a":4889078,"T":1595599159614,"e":"aggTrade","p":"0.00001254","f":6452880},{"m":false,"E":1595599165951,"l":6452882,"M":true,"q":"10.00000000","s":"LRCBTC","a":4889079,"T":1595599165950,"e":"aggTrade","p":"0.00001255","f":6452882},{"m":false,"E":1595599165951,"l":6452883,"M":true,"q":"173.00000000","s":"LRCBTC","a":4889080,"T":1595599165950,"e":"aggTrade","p":"0.00001256","f":6452883},{"m":false,"E":1595599204686,"l":6452884,"M":true,"q":"2.00000000","s":"LRCBTC","a":4889081,"T":1595599204684,"e":"aggTrade","p":"0.00001257","f":6452884},{"m":false,"E":1595599210253,"l":6452885,"M":true,"q":"9.00000000","s":"LRCBTC","a":4889082,"T":1595599210252,"e":"aggTrade","p":"0.00001257","f":6452885}],[{"m":false,"E":1595602769012,"l":6453196,"M":true,"q":"120.00000000","s":"LRCBTC","a":4889288,"T":1595602769011,"e":"aggTrade","p":"0.00001279","f":6453196},{"m":false,"E":1595602776990,"l":6453197,"M":true,"q":"2.00000000","s":"LRCBTC","a":4889289,"T":1595602776989,"e":"aggTrade","p":"0.00001280","f":6453197},{"m":false,"E":1595602800785,"l":6453198,"M":true,"q":"2.00000000","s":"LRCBTC","a":4889290,"T":1595602800784,"e":"aggTrade","p":"0.00001280","f":6453198},{"m":false,"E":1595602802129,"l":6453199,"M":true,"q":"8711.00000000","s":"LRCBTC","a":4889291,"T":1595602802125,"e":"aggTrade","p":"0.00001280","f":6453199},{"m":false,"E":1595602802129,"l":6453222,"M":true,"q":"27689.00000000","s":"LRCBTC","a":4889292,"T":1595602802125,"e":"aggTrade","p":"0.00001281","f":6453200},{"m":false,"E":1595602802144,"l":6453223,"M":true,"q":"48.00000000","s":"LRCBTC","a":4889293,"T":1595602802142,"e":"aggTrade","p":"0.00001280","f":6453223},{"m":false,"E":1595602802557,"l":6453225,"M":true,"q":"3829.00000000","s":"LRCBTC","a":4889294,"T":1595602802555,"e":"aggTrade","p":"0.00001281","f":6453224},{"m":false,"E":1595602802740,"l":6453226,"M":true,"q":"162.00000000","s":"LRCBTC","a":4889295,"T":1595602802739,"e":"aggTrade","p":"0.00001279","f":6453226},{"m":false,"E":1595602802740,"l":6453227,"M":true,"q":"1182.00000000","s":"LRCBTC","a":4889296,"T":1595602802739,"e":"aggTrade","p":"0.00001281","f":6453227},{"m":false,"E":1595602802792,"l":6453235,"M":true,"q":"12800.00000000","s":"LRCBTC","a":4889297,"T":1595602802790,"e":"aggTrade","p":"0.00001281","f":6453228},{"m":false,"E":1595602803225,"l":6453240,"M":true,"q":"1600.00000000","s":"LRCBTC","a":4889298,"T":1595602803223,"e":"aggTrade","p":"0.00001281","f":6453236},{"m":false,"E":1595602803235,"l":6453241,"M":true,"q":"1643.00000000","s":"LRCBTC","a":4889299,"T":1595602803233,"e":"aggTrade","p":"0.00001281","f":6453241},{"m":false,"E":1595602803235,"l":6453249,"M":true,"q":"2889.00000000","s":"LRCBTC","a":4889300,"T":1595602803233,"e":"aggTrade","p":"0.00001282","f":6453242},{"m":true,"E":1595602803838,"l":6453250,"M":true,"q":"15.00000000","s":"LRCBTC","a":4889301,"T":1595602803837,"e":"aggTrade","p":"0.00001277","f":6453250},{"m":false,"E":1595602807271,"l":6453251,"M":true,"q":"8.00000000","s":"LRCBTC","a":4889302,"T":1595602807269,"e":"aggTrade","p":"0.00001282","f":6453251},{"m":false,"E":1595602807271,"l":6453258,"M":true,"q":"725.00000000","s":"LRCBTC","a":4889303,"T":1595602807269,"e":"aggTrade","p":"0.00001283","f":6453252},{"m":false,"E":1595602807281,"l":6453262,"M":true,"q":"5345.00000000","s":"LRCBTC","a":4889304,"T":1595602807280,"e":"aggTrade","p":"0.00001283","f":6453259},{"m":false,"E":1595602808332,"l":6453266,"M":true,"q":"35455.00000000","s":"LRCBTC","a":4889305,"T":1595602808330,"e":"aggTrade","p":"0.00001284","f":6453263},{"m":false,"E":1595602809427,"l":6453268,"M":true,"q":"6339.00000000","s":"LRCBTC","a":4889306,"T":1595602809425,"e":"aggTrade","p":"0.00001284","f":6453267},{"m":false,"E":1595602809427,"l":6453271,"M":true,"q":"1879.00000000","s":"LRCBTC","a":4889307,"T":1595602809425,"e":"aggTrade","p":"0.00001285","f":6453269},{"m":false,"E":1595602810271,"l":6453274,"M":true,"q":"80.00000000","s":"LRCBTC","a":4889308,"T":1595602810270,"e":"aggTrade","p":"0.00001286","f":6453272},{"m":false,"E":1595602810529,"l":6453275,"M":true,"q":"4940.00000000","s":"LRCBTC","a":4889309,"T":1595602810527,"e":"aggTrade","p":"0.00001286","f":6453275},{"m":false,"E":1595602810529,"l":6453278,"M":true,"q":"6419.00000000","s":"LRCBTC","a":4889310,"T":1595602810527,"e":"aggTrade","p":"0.00001287","f":6453276},{"m":false,"E":1595602810713,"l":6453279,"M":true,"q":"66.00000000","s":"LRCBTC","a":4889311,"T":1595602810712,"e":"aggTrade","p":"0.00001283","f":6453279},{"m":false,"E":1595602811505,"l":6453280,"M":true,"q":"323.00000000","s":"LRCBTC","a":4889312,"T":1595602811504,"e":"aggTrade","p":"0.00001283","f":6453280},{"m":false,"E":1595602811636,"l":6453281,"M":true,"q":"36.00000000","s":"LRCBTC","a":4889313,"T":1595602811633,"e":"aggTrade","p":"0.00001283","f":6453281},{"m":false,"E":1595602811636,"l":6453282,"M":true,"q":"365.00000000","s":"LRCBTC","a":4889314,"T":1595602811633,"e":"aggTrade","p":"0.00001285","f":6453282},{"m":false,"E":1595602811636,"l":6453284,"M":true,"q":"161.00000000","s":"LRCBTC","a":4889315,"T":1595602811633,"e":"aggTrade","p":"0.00001288","f":6453283},{"m":false,"E":1595602811636,"l":6453295,"M":true,"q":"33883.00000000","s":"LRCBTC","a":4889316,"T":1595602811633,"e":"aggTrade","p":"0.00001289","f":6453285},{"m":false,"E":1595602811636,"l":6453297,"M":true,"q":"66.00000000","s":"LRCBTC","a":4889317,"T":1595602811633,"e":"aggTrade","p":"0.00001290","f":6453296},{"m":true,"E":1595602811681,"l":6453298,"M":true,"q":"6856.00000000","s":"LRCBTC","a":4889318,"T":1595602811679,"e":"aggTrade","p":"0.00001290","f":6453298},{"m":true,"E":1595602811688,"l":6453299,"M":true,"q":"7248.00000000","s":"LRCBTC","a":4889319,"T":1595602811686,"e":"aggTrade","p":"0.00001290","f":6453299},{"m":true,"E":1595602811688,"l":6453300,"M":true,"q":"28904.00000000","s":"LRCBTC","a":4889320,"T":1595602811687,"e":"aggTrade","p":"0.00001290","f":6453300},{"m":false,"E":1595602811781,"l":6453302,"M":true,"q":"6562.00000000","s":"LRCBTC","a":4889321,"T":1595602811780,"e":"aggTrade","p":"0.00001290","f":6453301},{"m":true,"E":1595602811854,"l":6453303,"M":true,"q":"143.00000000","s":"LRCBTC","a":4889322,"T":1595602811853,"e":"aggTrade","p":"0.00001282","f":6453303},{"m":false,"E":1595602811996,"l":6453304,"M":true,"q":"39.00000000","s":"LRCBTC","a":4889323,"T":1595602811995,"e":"aggTrade","p":"0.00001290","f":6453304},{"m":false,"E":1595602812518,"l":6453305,"M":true,"q":"8.00000000","s":"LRCBTC","a":4889324,"T":1595602812517,"e":"aggTrade","p":"0.00001289","f":6453305},{"m":false,"E":1595602812518,"l":6453306,"M":true,"q":"460.00000000","s":"LRCBTC","a":4889325,"T":1595602812517,"e":"aggTrade","p":"0.00001290","f":6453306},{"m":false,"E":1595602812731,"l":6453309,"M":true,"q":"1134.00000000","s":"LRCBTC","a":4889326,"T":1595602812729,"e":"aggTrade","p":"0.00001290","f":6453307},{"m":true,"E":1595602812827,"l":6453310,"M":true,"q":"613.00000000","s":"LRCBTC","a":4889327,"T":1595602812826,"e":"aggTrade","p":"0.00001284","f":6453310},{"m":true,"E":1595602812843,"l":6453311,"M":true,"q":"47.00000000","s":"LRCBTC","a":4889328,"T":1595602812842,"e":"aggTrade","p":"0.00001284","f":6453311},{"m":true,"E":1595602812891,"l":6453312,"M":true,"q":"1400.00000000","s":"LRCBTC","a":4889329,"T":1595602812889,"e":"aggTrade","p":"0.00001285","f":6453312},{"m":true,"E":1595602812891,"l":6453313,"M":true,"q":"581.00000000","s":"LRCBTC","a":4889330,"T":1595602812889,"e":"aggTrade","p":"0.00001284","f":6453313},{"m":true,"E":1595602813075,"l":6453314,"M":true,"q":"555.00000000","s":"LRCBTC","a":4889331,"T":1595602813075,"e":"aggTrade","p":"0.00001284","f":6453314},{"m":true,"E":1595602813452,"l":6453315,"M":true,"q":"1106.00000000","s":"LRCBTC","a":4889332,"T":1595602813451,"e":"aggTrade","p":"0.00001284","f":6453315},{"m":false,"E":1595602813825,"l":6453316,"M":true,"q":"2392.00000000","s":"LRCBTC","a":4889333,"T":1595602813823,"e":"aggTrade","p":"0.00001287","f":6453316},{"m":false,"E":1595602814740,"l":6453320,"M":true,"q":"1017.00000000","s":"LRCBTC","a":4889334,"T":1595602814738,"e":"aggTrade","p":"0.00001291","f":6453317},{"m":false,"E":1595602814740,"l":6453324,"M":true,"q":"292.00000000","s":"LRCBTC","a":4889335,"T":1595602814738,"e":"aggTrade","p":"0.00001292","f":6453321},{"m":false,"E":1595602815131,"l":6453325,"M":true,"q":"5122.00000000","s":"LRCBTC","a":4889336,"T":1595602815130,"e":"aggTrade","p":"0.00001292","f":6453325},{"m":false,"E":1595602815673,"l":6453329,"M":true,"q":"2915.00000000","s":"LRCBTC","a":4889337,"T":1595602815671,"e":"aggTrade","p":"0.00001293","f":6453326},{"m":false,"E":1595602815673,"l":6453330,"M":true,"q":"11.00000000","s":"LRCBTC","a":4889338,"T":1595602815671,"e":"aggTrade","p":"0.00001294","f":6453330},{"m":false,"E":1595602815673,"l":6453333,"M":true,"q":"274.00000000","s":"LRCBTC","a":4889339,"T":1595602815671,"e":"aggTrade","p":"0.00001295","f":6453331},{"m":true,"E":1595602815757,"l":6453334,"M":true,"q":"2000.00000000","s":"LRCBTC","a":4889340,"T":1595602815756,"e":"aggTrade","p":"0.00001286","f":6453334},{"m":true,"E":1595602815896,"l":6453335,"M":true,"q":"197.00000000","s":"LRCBTC","a":4889341,"T":1595602815895,"e":"aggTrade","p":"0.00001287","f":6453335},{"m":true,"E":1595602815924,"l":6453336,"M":true,"q":"1203.00000000","s":"LRCBTC","a":4889342,"T":1595602815923,"e":"aggTrade","p":"0.00001287","f":6453336},{"m":false,"E":1595602816049,"l":6453337,"M":true,"q":"78.00000000","s":"LRCBTC","a":4889343,"T":1595602816048,"e":"aggTrade","p":"0.00001295","f":6453337},{"m":false,"E":1595602816133,"l":6453338,"M":true,"q":"197.00000000","s":"LRCBTC","a":4889344,"T":1595602816132,"e":"aggTrade","p":"0.00001295","f":6453338},{"m":false,"E":1595602816230,"l":6453342,"M":true,"q":"600.00000000","s":"LRCBTC","a":4889345,"T":1595602816228,"e":"aggTrade","p":"0.00001296","f":6453339},{"m":true,"E":1595602816295,"l":6453343,"M":true,"q":"132.00000000","s":"LRCBTC","a":4889346,"T":1595602816293,"e":"aggTrade","p":"0.00001288","f":6453343},{"m":true,"E":1595602816295,"l":6453345,"M":true,"q":"273.00000000","s":"LRCBTC","a":4889347,"T":1595602816293,"e":"aggTrade","p":"0.00001287","f":6453344},{"m":true,"E":1595602816420,"l":6453355,"M":true,"q":"747.00000000","s":"LRCBTC","a":4889348,"T":1595602816418,"e":"aggTrade","p":"0.00001287","f":6453346},{"m":true,"E":1595602816420,"l":6453357,"M":true,"q":"8253.00000000","s":"LRCBTC","a":4889349,"T":1595602816418,"e":"aggTrade","p":"0.00001286","f":6453356},{"m":true,"E":1595602816571,"l":6453358,"M":true,"q":"373.00000000","s":"LRCBTC","a":4889350,"T":1595602816570,"e":"aggTrade","p":"0.00001288","f":6453358},{"m":true,"E":1595602816837,"l":6453359,"M":true,"q":"34.00000000","s":"LRCBTC","a":4889351,"T":1595602816837,"e":"aggTrade","p":"0.00001288","f":6453359},{"m":false,"E":1595602817131,"l":6453360,"M":true,"q":"1588.00000000","s":"LRCBTC","a":4889352,"T":1595602817130,"e":"aggTrade","p":"0.00001294","f":6453360},{"m":true,"E":1595602817153,"l":6453361,"M":true,"q":"315.00000000","s":"LRCBTC","a":4889353,"T":1595602817152,"e":"aggTrade","p":"0.00001288","f":6453361},{"m":true,"E":1595602817220,"l":6453362,"M":true,"q":"1879.00000000","s":"LRCBTC","a":4889354,"T":1595602817218,"e":"aggTrade","p":"0.00001288","f":6453362},{"m":true,"E":1595602817220,"l":6453364,"M":true,"q":"8552.00000000","s":"LRCBTC","a":4889355,"T":1595602817218,"e":"aggTrade","p":"0.00001287","f":6453363},{"m":true,"E":1595602817519,"l":6453365,"M":true,"q":"39.00000000","s":"LRCBTC","a":4889356,"T":1595602817518,"e":"aggTrade","p":"0.00001288","f":6453365},{"m":false,"E":1595602817621,"l":6453366,"M":true,"q":"491.00000000","s":"LRCBTC","a":4889357,"T":1595602817620,"e":"aggTrade","p":"0.00001295","f":6453366},{"m":true,"E":1595602817863,"l":6453367,"M":true,"q":"327.00000000","s":"LRCBTC","a":4889358,"T":1595602817862,"e":"aggTrade","p":"0.00001288","f":6453367},{"m":true,"E":1595602818385,"l":6453368,"M":true,"q":"12.00000000","s":"LRCBTC","a":4889359,"T":1595602818383,"e":"aggTrade","p":"0.00001290","f":6453368},{"m":true,"E":1595602818385,"l":6453369,"M":true,"q":"77.00000000","s":"LRCBTC","a":4889360,"T":1595602818383,"e":"aggTrade","p":"0.00001288","f":6453369},{"m":true,"E":1595602818386,"l":6453370,"M":true,"q":"154.00000000","s":"LRCBTC","a":4889361,"T":1595602818385,"e":"aggTrade","p":"0.00001288","f":6453370},{"m":true,"E":1595602818990,"l":6453371,"M":true,"q":"120.00000000","s":"LRCBTC","a":4889362,"T":1595602818989,"e":"aggTrade","p":"0.00001287","f":6453371},{"m":false,"E":1595602819829,"l":6453373,"M":true,"q":"553.00000000","s":"LRCBTC","a":4889363,"T":1595602819828,"e":"aggTrade","p":"0.00001288","f":6453372},{"m":true,"E":1595602819984,"l":6453374,"M":true,"q":"300.00000000","s":"LRCBTC","a":4889364,"T":1595602819983,"e":"aggTrade","p":"0.00001288","f":6453374},{"m":false,"E":1595602820826,"l":6453375,"M":true,"q":"2467.00000000","s":"LRCBTC","a":4889365,"T":1595602820824,"e":"aggTrade","p":"0.00001292","f":6453375},{"m":false,"E":1595602820826,"l":6453376,"M":true,"q":"1400.00000000","s":"LRCBTC","a":4889366,"T":1595602820824,"e":"aggTrade","p":"0.00001293","f":6453376},{"m":false,"E":1595602820826,"l":6453378,"M":true,"q":"5533.00000000","s":"LRCBTC","a":4889367,"T":1595602820824,"e":"aggTrade","p":"0.00001294","f":6453377},{"m":false,"E":1595602820942,"l":6453380,"M":true,"q":"66.00000000","s":"LRCBTC","a":4889368,"T":1595602820941,"e":"aggTrade","p":"0.00001295","f":6453379},{"m":true,"E":1595602821449,"l":6453382,"M":true,"q":"502.00000000","s":"LRCBTC","a":4889369,"T":1595602821448,"e":"aggTrade","p":"0.00001288","f":6453381},{"m":false,"E":1595602821486,"l":6453384,"M":true,"q":"3896.00000000","s":"LRCBTC","a":4889370,"T":1595602821483,"e":"aggTrade","p":"0.00001295","f":6453383},{"m":false,"E":1595602821486,"l":6453390,"M":true,"q":"15104.00000000","s":"LRCBTC","a":4889371,"T":1595602821483,"e":"aggTrade","p":"0.00001296","f":6453385},{"m":true,"E":1595602821814,"l":6453391,"M":true,"q":"80.00000000","s":"LRCBTC","a":4889372,"T":1595602821812,"e":"aggTrade","p":"0.00001289","f":6453391},{"m":true,"E":1595602821814,"l":6453392,"M":true,"q":"622.00000000","s":"LRCBTC","a":4889373,"T":1595602821812,"e":"aggTrade","p":"0.00001288","f":6453392},{"m":false,"E":1595602822357,"l":6453393,"M":true,"q":"41.00000000","s":"LRCBTC","a":4889374,"T":1595602822356,"e":"aggTrade","p":"0.00001294","f":6453393},{"m":false,"E":1595602822357,"l":6453394,"M":true,"q":"559.00000000","s":"LRCBTC","a":4889375,"T":1595602822356,"e":"aggTrade","p":"0.00001295","f":6453394},{"m":true,"E":1595602822436,"l":6453395,"M":true,"q":"40.00000000","s":"LRCBTC","a":4889376,"T":1595602822434,"e":"aggTrade","p":"0.00001289","f":6453395},{"m":true,"E":1595602822436,"l":6453396,"M":true,"q":"260.00000000","s":"LRCBTC","a":4889377,"T":1595602822434,"e":"aggTrade","p":"0.00001288","f":6453396},{"m":true,"E":1595602822720,"l":6453398,"M":true,"q":"321.00000000","s":"LRCBTC","a":4889378,"T":1595602822719,"e":"aggTrade","p":"0.00001289","f":6453397},{"m":false,"E":1595602822836,"l":6453399,"M":true,"q":"24200.00000000","s":"LRCBTC","a":4889379,"T":1595602822835,"e":"aggTrade","p":"0.00001296","f":6453399},{"m":false,"E":1595602822839,"l":6453400,"M":true,"q":"1534.00000000","s":"LRCBTC","a":4889380,"T":1595602822838,"e":"aggTrade","p":"0.00001296","f":6453400},{"m":false,"E":1595602822933,"l":6453403,"M":true,"q":"4395.00000000","s":"LRCBTC","a":4889381,"T":1595602822931,"e":"aggTrade","p":"0.00001296","f":6453401},{"m":false,"E":1595602824719,"l":6453407,"M":true,"q":"2070.00000000","s":"LRCBTC","a":4889382,"T":1595602824716,"e":"aggTrade","p":"0.00001297","f":6453404},{"m":false,"E":1595602824719,"l":6453415,"M":true,"q":"3530.00000000","s":"LRCBTC","a":4889383,"T":1595602824716,"e":"aggTrade","p":"0.00001298","f":6453408},{"m":false,"E":1595602824723,"l":6453416,"M":true,"q":"161.00000000","s":"LRCBTC","a":4889384,"T":1595602824722,"e":"aggTrade","p":"0.00001298","f":6453416},{"m":false,"E":1595602824802,"l":6453417,"M":true,"q":"1863.00000000","s":"LRCBTC","a":4889385,"T":1595602824801,"e":"aggTrade","p":"0.00001299","f":6453417},{"m":true,"E":1595602825065,"l":6453419,"M":true,"q":"43.00000000","s":"LRCBTC","a":4889386,"T":1595602825063,"e":"aggTrade","p":"0.00001290","f":6453418},{"m":false,"E":1595602825386,"l":6453420,"M":true,"q":"37.00000000","s":"LRCBTC","a":4889387,"T":1595602825383,"e":"aggTrade","p":"0.00001298","f":6453420},{"m":false,"E":1595602825386,"l":6453430,"M":true,"q":"36346.00000000","s":"LRCBTC","a":4889388,"T":1595602825383,"e":"aggTrade","p":"0.00001299","f":6453421},{"m":true,"E":1595602825395,"l":6453431,"M":true,"q":"2973.00000000","s":"LRCBTC","a":4889389,"T":1595602825393,"e":"aggTrade","p":"0.00001299","f":6453431},{"m":true,"E":1595602825395,"l":6453433,"M":true,"q":"8146.00000000","s":"LRCBTC","a":4889390,"T":1595602825394,"e":"aggTrade","p":"0.00001299","f":6453432},{"m":true,"E":1595602825396,"l":6453435,"M":true,"q":"8146.00000000","s":"LRCBTC","a":4889391,"T":1595602825395,"e":"aggTrade","p":"0.00001299","f":6453434},{"m":true,"E":1595602825398,"l":6453436,"M":true,"q":"378.00000000","s":"LRCBTC","a":4889392,"T":1595602825396,"e":"aggTrade","p":"0.00001299","f":6453436},{"m":true,"E":1595602825399,"l":6453437,"M":true,"q":"414.00000000","s":"LRCBTC","a":4889393,"T":1595602825397,"e":"aggTrade","p":"0.00001299","f":6453437},{"m":true,"E":1595602825399,"l":6453439,"M":true,"q":"8146.00000000","s":"LRCBTC","a":4889394,"T":1595602825398,"e":"aggTrade","p":"0.00001299","f":6453438},{"m":true,"E":1595602825400,"l":6453440,"M":true,"q":"52.00000000","s":"LRCBTC","a":4889395,"T":1595602825399,"e":"aggTrade","p":"0.00001299","f":6453440},{"m":true,"E":1595602825412,"l":6453441,"M":true,"q":"260.00000000","s":"LRCBTC","a":4889396,"T":1595602825411,"e":"aggTrade","p":"0.00001299","f":6453441},{"m":true,"E":1595602825437,"l":6453443,"M":true,"q":"6438.00000000","s":"LRCBTC","a":4889397,"T":1595602825436,"e":"aggTrade","p":"0.00001299","f":6453442},{"m":true,"E":1595602825464,"l":6453444,"M":true,"q":"32.00000000","s":"LRCBTC","a":4889398,"T":1595602825463,"e":"aggTrade","p":"0.00001299","f":6453444},{"m":true,"E":1595602825585,"l":6453445,"M":true,"q":"88.00000000","s":"LRCBTC","a":4889399,"T":1595602825584,"e":"aggTrade","p":"0.00001299","f":6453445},{"m":true,"E":1595602825641,"l":6453446,"M":true,"q":"1170.00000000","s":"LRCBTC","a":4889400,"T":1595602825640,"e":"aggTrade","p":"0.00001299","f":6453446},{"m":false,"E":1595602825672,"l":6453449,"M":true,"q":"600.00000000","s":"LRCBTC","a":4889401,"T":1595602825671,"e":"aggTrade","p":"0.00001300","f":6453447},{"m":false,"E":1595602825743,"l":6453452,"M":true,"q":"721.00000000","s":"LRCBTC","a":4889402,"T":1595602825741,"e":"aggTrade","p":"0.00001300","f":6453450},{"m":false,"E":1595602825743,"l":6453457,"M":true,"q":"999.00000000","s":"LRCBTC","a":4889403,"T":1595602825741,"e":"aggTrade","p":"0.00001301","f":6453453},{"m":true,"E":1595602825820,"l":6453459,"M":true,"q":"8832.00000000","s":"LRCBTC","a":4889404,"T":1595602825819,"e":"aggTrade","p":"0.00001299","f":6453458},{"m":true,"E":1595602825820,"l":6453460,"M":true,"q":"168.00000000","s":"LRCBTC","a":4889405,"T":1595602825819,"e":"aggTrade","p":"0.00001291","f":6453460},{"m":true,"E":1595602825837,"l":6453461,"M":true,"q":"47.00000000","s":"LRCBTC","a":4889406,"T":1595602825836,"e":"aggTrade","p":"0.00001292","f":6453461},{"m":false,"E":1595602825863,"l":6453462,"M":true,"q":"47.00000000","s":"LRCBTC","a":4889407,"T":1595602825862,"e":"aggTrade","p":"0.00001296","f":6453462},{"m":false,"E":1595602826679,"l":6453463,"M":true,"q":"52.00000000","s":"LRCBTC","a":4889408,"T":1595602826678,"e":"aggTrade","p":"0.00001300","f":6453463},{"m":false,"E":1595602826679,"l":6453465,"M":true,"q":"548.00000000","s":"LRCBTC","a":4889409,"T":1595602826678,"e":"aggTrade","p":"0.00001301","f":6453464},{"m":false,"E":1595602826736,"l":6453466,"M":true,"q":"533.00000000","s":"LRCBTC","a":4889410,"T":1595602826735,"e":"aggTrade","p":"0.00001301","f":6453466},{"m":true,"E":1595602826743,"l":6453467,"M":true,"q":"11.00000000","s":"LRCBTC","a":4889411,"T":1595602826741,"e":"aggTrade","p":"0.00001299","f":6453467},{"m":true,"E":1595602826743,"l":6453468,"M":true,"q":"171.00000000","s":"LRCBTC","a":4889412,"T":1595602826741,"e":"aggTrade","p":"0.00001293","f":6453468},{"m":true,"E":1595602827016,"l":6453471,"M":true,"q":"392.00000000","s":"LRCBTC","a":4889413,"T":1595602827015,"e":"aggTrade","p":"0.00001293","f":6453469},{"m":false,"E":1595602828107,"l":6453472,"M":true,"q":"1600.00000000","s":"LRCBTC","a":4889414,"T":1595602828106,"e":"aggTrade","p":"0.00001302","f":6453472},{"m":false,"E":1595602828709,"l":6453473,"M":true,"q":"17.00000000","s":"LRCBTC","a":4889415,"T":1595602828708,"e":"aggTrade","p":"0.00001302","f":6453473},{"m":true,"E":1595602829453,"l":6453476,"M":true,"q":"511.00000000","s":"LRCBTC","a":4889416,"T":1595602829452,"e":"aggTrade","p":"0.00001294","f":6453474},{"m":false,"E":1595602831527,"l":6453477,"M":true,"q":"2136.00000000","s":"LRCBTC","a":4889417,"T":1595602831526,"e":"aggTrade","p":"0.00001293","f":6453477},{"m":false,"E":1595602831536,"l":6453478,"M":true,"q":"499.00000000","s":"LRCBTC","a":4889418,"T":1595602831535,"e":"aggTrade","p":"0.00001293","f":6453478},{"m":true,"E":1595602831622,"l":6453479,"M":true,"q":"10.00000000","s":"LRCBTC","a":4889419,"T":1595602831621,"e":"aggTrade","p":"0.00001295","f":6453479},{"m":true,"E":1595602831622,"l":6453480,"M":true,"q":"37.00000000","s":"LRCBTC","a":4889420,"T":1595602831621,"e":"aggTrade","p":"0.00001291","f":6453480},{"m":false,"E":1595602831709,"l":6453481,"M":true,"q":"37.00000000","s":"LRCBTC","a":4889421,"T":1595602831707,"e":"aggTrade","p":"0.00001295","f":6453481},{"m":false,"E":1595602831709,"l":6453482,"M":true,"q":"74.00000000","s":"LRCBTC","a":4889422,"T":1595602831707,"e":"aggTrade","p":"0.00001300","f":6453482},{"m":false,"E":1595602831709,"l":6453485,"M":true,"q":"930.00000000","s":"LRCBTC","a":4889423,"T":1595602831707,"e":"aggTrade","p":"0.00001301","f":6453483},{"m":false,"E":1595602831709,"l":6453486,"M":true,"q":"3447.00000000","s":"LRCBTC","a":4889424,"T":1595602831707,"e":"aggTrade","p":"0.00001302","f":6453486},{"m":false,"E":1595602832978,"l":6453487,"M":true,"q":"1600.00000000","s":"LRCBTC","a":4889425,"T":1595602832977,"e":"aggTrade","p":"0.00001302","f":6453487},{"m":true,"E":1595602834930,"l":6453489,"M":true,"q":"652.00000000","s":"LRCBTC","a":4889426,"T":1595602834929,"e":"aggTrade","p":"0.00001294","f":6453488},{"m":false,"E":1595602835040,"l":6453490,"M":true,"q":"192.00000000","s":"LRCBTC","a":4889427,"T":1595602835039,"e":"aggTrade","p":"0.00001294","f":6453490},{"m":false,"E":1595602838187,"l":6453491,"M":true,"q":"30.00000000","s":"LRCBTC","a":4889428,"T":1595602838187,"e":"aggTrade","p":"0.00001301","f":6453491},{"m":true,"E":1595602838223,"l":6453492,"M":true,"q":"149.00000000","s":"LRCBTC","a":4889429,"T":1595602838222,"e":"aggTrade","p":"0.00001293","f":6453492},{"m":false,"E":1595602841050,"l":6453493,"M":true,"q":"172.00000000","s":"LRCBTC","a":4889430,"T":1595602841049,"e":"aggTrade","p":"0.00001300","f":6453493},{"m":true,"E":1595602842507,"l":6453495,"M":true,"q":"105.00000000","s":"LRCBTC","a":4889431,"T":1595602842506,"e":"aggTrade","p":"0.00001293","f":6453494},{"m":false,"E":1595602845151,"l":6453497,"M":true,"q":"739.00000000","s":"LRCBTC","a":4889432,"T":1595602845150,"e":"aggTrade","p":"0.00001300","f":6453496},{"m":false,"E":1595602845151,"l":6453499,"M":true,"q":"3101.00000000","s":"LRCBTC","a":4889433,"T":1595602845150,"e":"aggTrade","p":"0.00001301","f":6453498},{"m":true,"E":1595602847189,"l":6453500,"M":true,"q":"7892.00000000","s":"LRCBTC","a":4889434,"T":1595602847187,"e":"aggTrade","p":"0.00001295","f":6453500},{"m":false,"E":1595602849147,"l":6453501,"M":true,"q":"9.00000000","s":"LRCBTC","a":4889435,"T":1595602849145,"e":"aggTrade","p":"0.00001301","f":6453501},{"m":true,"E":1595602853307,"l":6453502,"M":true,"q":"1653.00000000","s":"LRCBTC","a":4889436,"T":1595602853306,"e":"aggTrade","p":"0.00001296","f":6453502},{"m":true,"E":1595602853308,"l":6453503,"M":true,"q":"1400.00000000","s":"LRCBTC","a":4889437,"T":1595602853306,"e":"aggTrade","p":"0.00001295","f":6453503},{"m":true,"E":1595602853308,"l":6453506,"M":true,"q":"16343.00000000","s":"LRCBTC","a":4889438,"T":1595602853306,"e":"aggTrade","p":"0.00001294","f":6453504},{"m":true,"E":1595602854186,"l":6453507,"M":true,"q":"820.00000000","s":"LRCBTC","a":4889439,"T":1595602854185,"e":"aggTrade","p":"0.00001294","f":6453507},{"m":true,"E":1595602854846,"l":6453508,"M":true,"q":"15.00000000","s":"LRCBTC","a":4889440,"T":1595602854845,"e":"aggTrade","p":"0.00001294","f":6453508},{"m":true,"E":1595602855512,"l":6453509,"M":true,"q":"2056.00000000","s":"LRCBTC","a":4889441,"T":1595602855511,"e":"aggTrade","p":"0.00001295","f":6453509},{"m":true,"E":1595602855512,"l":6453510,"M":true,"q":"16952.00000000","s":"LRCBTC","a":4889442,"T":1595602855511,"e":"aggTrade","p":"0.00001294","f":6453510},{"m":false,"E":1595602860535,"l":6453511,"M":true,"q":"6193.00000000","s":"LRCBTC","a":4889443,"T":1595602860534,"e":"aggTrade","p":"0.00001294","f":6453511},{"m":false,"E":1595602860561,"l":6453512,"M":true,"q":"1311.00000000","s":"LRCBTC","a":4889444,"T":1595602860560,"e":"aggTrade","p":"0.00001294","f":6453512},{"m":true,"E":1595602868133,"l":6453513,"M":true,"q":"108.00000000","s":"LRCBTC","a":4889445,"T":1595602868132,"e":"aggTrade","p":"0.00001294","f":6453513},{"m":true,"E":1595602878360,"l":6453514,"M":true,"q":"15.00000000","s":"LRCBTC","a":4889446,"T":1595602878359,"e":"aggTrade","p":"0.00001294","f":6453514},{"m":false,"E":1595602878465,"l":6453515,"M":true,"q":"747.00000000","s":"LRCBTC","a":4889447,"T":1595602878464,"e":"aggTrade","p":"0.00001293","f":6453515},{"m":true,"E":1595602880373,"l":6453516,"M":true,"q":"24.00000000","s":"LRCBTC","a":4889448,"T":1595602880372,"e":"aggTrade","p":"0.00001291","f":6453516},{"m":true,"E":1595602880380,"l":6453517,"M":true,"q":"23.00000000","s":"LRCBTC","a":4889449,"T":1595602880379,"e":"aggTrade","p":"0.00001291","f":6453517},{"m":true,"E":1595602880383,"l":6453518,"M":true,"q":"24.00000000","s":"LRCBTC","a":4889450,"T":1595602880382,"e":"aggTrade","p":"0.00001291","f":6453518},{"m":true,"E":1595602880389,"l":6453519,"M":true,"q":"24.00000000","s":"LRCBTC","a":4889451,"T":1595602880387,"e":"aggTrade","p":"0.00001291","f":6453519},{"m":true,"E":1595602880397,"l":6453521,"M":true,"q":"158.00000000","s":"LRCBTC","a":4889452,"T":1595602880396,"e":"aggTrade","p":"0.00001291","f":6453520},{"m":true,"E":1595602880402,"l":6453522,"M":true,"q":"1188.00000000","s":"LRCBTC","a":4889453,"T":1595602880401,"e":"aggTrade","p":"0.00001291","f":6453522},{"m":true,"E":1595602880404,"l":6453523,"M":true,"q":"24.00000000","s":"LRCBTC","a":4889454,"T":1595602880402,"e":"aggTrade","p":"0.00001291","f":6453523},{"m":true,"E":1595602880436,"l":6453524,"M":true,"q":"24.00000000","s":"LRCBTC","a":4889455,"T":1595602880435,"e":"aggTrade","p":"0.00001291","f":6453524},{"m":true,"E":1595602880451,"l":6453526,"M":true,"q":"24.00000000","s":"LRCBTC","a":4889456,"T":1595602880449,"e":"aggTrade","p":"0.00001290","f":6453525},{"m":true,"E":1595602880479,"l":6453527,"M":true,"q":"24.00000000","s":"LRCBTC","a":4889457,"T":1595602880478,"e":"aggTrade","p":"0.00001291","f":6453527},{"m":true,"E":1595602880482,"l":6453528,"M":true,"q":"24.00000000","s":"LRCBTC","a":4889458,"T":1595602880481,"e":"aggTrade","p":"0.00001291","f":6453528},{"m":true,"E":1595602880497,"l":6453529,"M":true,"q":"24.00000000","s":"LRCBTC","a":4889459,"T":1595602880496,"e":"aggTrade","p":"0.00001291","f":6453529},{"m":true,"E":1595602880546,"l":6453530,"M":true,"q":"24.00000000","s":"LRCBTC","a":4889460,"T":1595602880545,"e":"aggTrade","p":"0.00001291","f":6453530},{"m":true,"E":1595602881291,"l":6453531,"M":true,"q":"150.00000000","s":"LRCBTC","a":4889461,"T":1595602881288,"e":"aggTrade","p":"0.00001291","f":6453531},{"m":true,"E":1595602881291,"l":6453534,"M":true,"q":"1244.00000000","s":"LRCBTC","a":4889462,"T":1595602881288,"e":"aggTrade","p":"0.00001290","f":6453532},{"m":true,"E":1595602881291,"l":6453539,"M":true,"q":"4605.00000000","s":"LRCBTC","a":4889463,"T":1595602881288,"e":"aggTrade","p":"0.00001289","f":6453535},{"m":true,"E":1595602881291,"l":6453540,"M":true,"q":"2207.00000000","s":"LRCBTC","a":4889464,"T":1595602881288,"e":"aggTrade","p":"0.00001288","f":6453540},{"m":true,"E":1595602881291,"l":6453541,"M":true,"q":"7306.00000000","s":"LRCBTC","a":4889465,"T":1595602881288,"e":"aggTrade","p":"0.00001287","f":6453541},{"m":true,"E":1595602881291,"l":6453543,"M":true,"q":"3733.00000000","s":"LRCBTC","a":4889466,"T":1595602881288,"e":"aggTrade","p":"0.00001286","f":6453542},{"m":false,"E":1595602881295,"l":6453544,"M":true,"q":"8146.00000000","s":"LRCBTC","a":4889467,"T":1595602881294,"e":"aggTrade","p":"0.00001286","f":6453544},{"m":false,"E":1595602881297,"l":6453545,"M":true,"q":"8146.00000000","s":"LRCBTC","a":4889468,"T":1595602881295,"e":"aggTrade","p":"0.00001286","f":6453545},{"m":false,"E":1595602881298,"l":6453546,"M":true,"q":"8146.00000000","s":"LRCBTC","a":4889469,"T":1595602881295,"e":"aggTrade","p":"0.00001286","f":6453546},{"m":false,"E":1595602881298,"l":6453547,"M":true,"q":"8146.00000000","s":"LRCBTC","a":4889470,"T":1595602881295,"e":"aggTrade","p":"0.00001286","f":6453547},{"m":false,"E":1595602881298,"l":6453548,"M":true,"q":"8146.00000000","s":"LRCBTC","a":4889471,"T":1595602881295,"e":"aggTrade","p":"0.00001286","f":6453548},{"m":false,"E":1595602881299,"l":6453549,"M":true,"q":"8146.00000000","s":"LRCBTC","a":4889472,"T":1595602881295,"e":"aggTrade","p":"0.00001286","f":6453549},{"m":false,"E":1595602881299,"l":6453550,"M":true,"q":"8146.00000000","s":"LRCBTC","a":4889473,"T":1595602881297,"e":"aggTrade","p":"0.00001286","f":6453550},{"m":false,"E":1595602881300,"l":6453551,"M":true,"q":"5191.00000000","s":"LRCBTC","a":4889474,"T":1595602881297,"e":"aggTrade","p":"0.00001286","f":6453551},{"m":false,"E":1595602881313,"l":6453552,"M":true,"q":"2.00000000","s":"LRCBTC","a":4889475,"T":1595602881308,"e":"aggTrade","p":"0.00001296","f":6453552},{"m":true,"E":1595602881329,"l":6453553,"M":true,"q":"2165.00000000","s":"LRCBTC","a":4889476,"T":1595602881325,"e":"aggTrade","p":"0.00001289","f":6453553},{"m":true,"E":1595602881329,"l":6453554,"M":true,"q":"823.00000000","s":"LRCBTC","a":4889477,"T":1595602881325,"e":"aggTrade","p":"0.00001287","f":6453554},{"m":true,"E":1595602881329,"l":6453556,"M":true,"q":"560.00000000","s":"LRCBTC","a":4889478,"T":1595602881325,"e":"aggTrade","p":"0.00001286","f":6453555},{"m":true,"E":1595602881329,"l":6453559,"M":true,"q":"18952.00000000","s":"LRCBTC","a":4889479,"T":1595602881325,"e":"aggTrade","p":"0.00001285","f":6453557},{"m":true,"E":1595602881329,"l":6453572,"M":true,"q":"15035.00000000","s":"LRCBTC","a":4889480,"T":1595602881325,"e":"aggTrade","p":"0.00001284","f":6453560},{"m":true,"E":1595602881329,"l":6453576,"M":true,"q":"16509.00000000","s":"LRCBTC","a":4889481,"T":1595602881325,"e":"aggTrade","p":"0.00001283","f":6453573},{"m":true,"E":1595602881432,"l":6453577,"M":true,"q":"1378.00000000","s":"LRCBTC","a":4889482,"T":1595602881429,"e":"aggTrade","p":"0.00001283","f":6453577},{"m":true,"E":1595602881432,"l":6453584,"M":true,"q":"7959.00000000","s":"LRCBTC","a":4889483,"T":1595602881429,"e":"aggTrade","p":"0.00001282","f":6453578},{"m":true,"E":1595602881432,"l":6453591,"M":true,"q":"1463.00000000","s":"LRCBTC","a":4889484,"T":1595602881429,"e":"aggTrade","p":"0.00001281","f":6453585},{"m":false,"E":1595602881766,"l":6453593,"M":true,"q":"703.00000000","s":"LRCBTC","a":4889485,"T":1595602881764,"e":"aggTrade","p":"0.00001289","f":6453592},{"m":false,"E":1595602882017,"l":6453594,"M":true,"q":"541.00000000","s":"LRCBTC","a":4889486,"T":1595602882016,"e":"aggTrade","p":"0.00001288","f":6453594},{"m":true,"E":1595602882238,"l":6453595,"M":true,"q":"240.00000000","s":"LRCBTC","a":4889487,"T":1595602882236,"e":"aggTrade","p":"0.00001283","f":6453595},{"m":true,"E":1595602882401,"l":6453596,"M":true,"q":"1741.00000000","s":"LRCBTC","a":4889488,"T":1595602882400,"e":"aggTrade","p":"0.00001287","f":6453596},{"m":false,"E":1595602882427,"l":6453597,"M":true,"q":"4718.00000000","s":"LRCBTC","a":4889489,"T":1595602882425,"e":"aggTrade","p":"0.00001287","f":6453597},{"m":false,"E":1595602882427,"l":6453598,"M":true,"q":"197.00000000","s":"LRCBTC","a":4889490,"T":1595602882425,"e":"aggTrade","p":"0.00001288","f":6453598},{"m":false,"E":1595602882439,"l":6453599,"M":true,"q":"962.00000000","s":"LRCBTC","a":4889491,"T":1595602882438,"e":"aggTrade","p":"0.00001289","f":6453599},{"m":true,"E":1595602882456,"l":6453600,"M":true,"q":"8.00000000","s":"LRCBTC","a":4889492,"T":1595602882454,"e":"aggTrade","p":"0.00001283","f":6453600},{"m":false,"E":1595602883067,"l":6453601,"M":true,"q":"248.00000000","s":"LRCBTC","a":4889493,"T":1595602883065,"e":"aggTrade","p":"0.00001288","f":6453601},{"m":false,"E":1595602883067,"l":6453603,"M":true,"q":"959.00000000","s":"LRCBTC","a":4889494,"T":1595602883065,"e":"aggTrade","p":"0.00001289","f":6453602},{"m":true,"E":1595602884078,"l":6453604,"M":true,"q":"248.00000000","s":"LRCBTC","a":4889495,"T":1595602884077,"e":"aggTrade","p":"0.00001283","f":6453604},{"m":true,"E":1595602884090,"l":6453605,"M":true,"q":"149.00000000","s":"LRCBTC","a":4889496,"T":1595602884089,"e":"aggTrade","p":"0.00001282","f":6453605},{"m":false,"E":1595602884114,"l":6453606,"M":true,"q":"248.00000000","s":"LRCBTC","a":4889497,"T":1595602884112,"e":"aggTrade","p":"0.00001286","f":6453606},{"m":false,"E":1595602884114,"l":6453608,"M":true,"q":"20.00000000","s":"LRCBTC","a":4889498,"T":1595602884112,"e":"aggTrade","p":"0.00001287","f":6453607},{"m":false,"E":1595602884130,"l":6453609,"M":true,"q":"265.00000000","s":"LRCBTC","a":4889499,"T":1595602884129,"e":"aggTrade","p":"0.00001288","f":6453609},{"m":false,"E":1595602884130,"l":6453611,"M":true,"q":"121.00000000","s":"LRCBTC","a":4889500,"T":1595602884129,"e":"aggTrade","p":"0.00001289","f":6453610},{"m":true,"E":1595602884374,"l":6453612,"M":true,"q":"236.00000000","s":"LRCBTC","a":4889501,"T":1595602884373,"e":"aggTrade","p":"0.00001288","f":6453612},{"m":false,"E":1595602885267,"l":6453613,"M":true,"q":"13.00000000","s":"LRCBTC","a":4889502,"T":1595602885266,"e":"aggTrade","p":"0.00001288","f":6453613},{"m":false,"E":1595602885267,"l":6453614,"M":true,"q":"56.00000000","s":"LRCBTC","a":4889503,"T":1595602885266,"e":"aggTrade","p":"0.00001289","f":6453614},{"m":true,"E":1595602885324,"l":6453615,"M":true,"q":"16.00000000","s":"LRCBTC","a":4889504,"T":1595602885323,"e":"aggTrade","p":"0.00001285","f":6453615},{"m":false,"E":1595602885609,"l":6453617,"M":true,"q":"325.00000000","s":"LRCBTC","a":4889505,"T":1595602885608,"e":"aggTrade","p":"0.00001290","f":6453616}]]},{"peak":"13.83086253|3420,-5.56163100|1170,10.01406030|810,-3.13415349|150,10.66198008|840,-5.72268085|240,14.17377921|1950,-3.63220726|330,21.23444247|1530,-12.35875706|1020,5.36723164|270,-5.45411709|1110,9.71845918|780,-13.52998537|720,4.71721112|180,-3.14563573|570,4.40629127|450,-3.09425015|360,9.69768820|1650,-10.76131195|390,4.84797702|450,-3.37542783|150,6.03092175|210,-3.22877169|390,5.83706768|540,-3.27390963|360,10.06839332|1740,-9.82212775|810,3.35608010|810,-11.38034961|2340,4.08679928|963,-4.42670537|600,4.30575714|846,-6.45599309|1004","transactionList":[{},{},{},{},{},{},{},{},{},{},{},{},{},{},{},{},{},{},{},{},{},{},{},{},{},{},{},{},{},{},{},{},{},{}]},{"peak":"-3.46320346|630,7.35930736|900,-5.08474576|1710,9.74576271|2490,-6.14754098|1800,3.27868852|270,-5.00000000|870,12.50000000|1500,-3.44827586|600,5.74712644|570,-4.54545455|1050,3.40909091|210,-9.63855422|2670,4.81927711|720,-3.57142857|840,3.17460317|420,-4.00000000|1170,8.80000000|420,-10.12145749|3300,8.50202429|570,-4.68750000|870,6.25000000|990,-3.81679389|960,16.41221374|1857,-7.01754386|168,3.85964912|246,-6.09318996|30,4.65949821|315,-4.65949821|135,5.37634409|192,-7.69230769|447,3.66300366|51,-4.42804428|345,6.27306273|438,8.85608856|832","transactionList":[{},{},{},{},{},{},{},{},{},{},{},{},{},{},{},{},{},{},{},{},{},{},{},{},{},{},{},{},{},{},{},{},{},{},[{"m":false,"E":1595597227985,"l":4851569,"M":true,"q":"75.00000000","s":"GOBTC","a":2691402,"T":1595597227984,"e":"aggTrade","p":"0.00000147","f":4851569},{"m":false,"E":1595597230713,"l":4851570,"M":true,"q":"7000.00000000","s":"GOBTC","a":2691403,"T":1595597230712,"e":"aggTrade","p":"0.00000147","f":4851570},{"m":true,"E":1595597242633,"l":4851571,"M":true,"q":"141.00000000","s":"GOBTC","a":2691404,"T":1595597242632,"e":"aggTrade","p":"0.00000146","f":4851571},{"m":false,"E":1595597254039,"l":4851572,"M":true,"q":"7000.00000000","s":"GOBTC","a":2691405,"T":1595597254037,"e":"aggTrade","p":"0.00000147","f":4851572},{"m":true,"E":1595597278691,"l":4851573,"M":true,"q":"306.00000000","s":"GOBTC","a":2691406,"T":1595597278690,"e":"aggTrade","p":"0.00000146","f":4851573},{"m":false,"E":1595597283926,"l":4851574,"M":true,"q":"137.00000000","s":"GOBTC","a":2691407,"T":1595597283925,"e":"aggTrade","p":"0.00000147","f":4851574},{"m":false,"E":1595597284717,"l":4851575,"M":true,"q":"137.00000000","s":"GOBTC","a":2691408,"T":1595597284716,"e":"aggTrade","p":"0.00000147","f":4851575},{"m":false,"E":1595597287239,"l":4851650,"M":true,"q":"909961.00000000","s":"GOBTC","a":2691409,"T":1595597287232,"e":"aggTrade","p":"0.00000147","f":4851576},{"m":true,"E":1595597288796,"l":4851651,"M":true,"q":"305.00000000","s":"GOBTC","a":2691410,"T":1595597288795,"e":"aggTrade","p":"0.00000147","f":4851651},{"m":false,"E":1595597289985,"l":4851652,"M":true,"q":"69.00000000","s":"GOBTC","a":2691411,"T":1595597289983,"e":"aggTrade","p":"0.00000148","f":4851652},{"m":true,"E":1595597289985,"l":4851653,"M":true,"q":"4841.00000000","s":"GOBTC","a":2691412,"T":1595597289983,"e":"aggTrade","p":"0.00000147","f":4851653},{"m":false,"E":1595597293031,"l":4851654,"M":true,"q":"69.00000000","s":"GOBTC","a":2691413,"T":1595597293030,"e":"aggTrade","p":"0.00000148","f":4851654},{"m":false,"E":1595597293038,"l":4851656,"M":true,"q":"4055.00000000","s":"GOBTC","a":2691414,"T":1595597293037,"e":"aggTrade","p":"0.00000148","f":4851655},{"m":true,"E":1595597293455,"l":4851657,"M":true,"q":"941.00000000","s":"GOBTC","a":2691415,"T":1595597293454,"e":"aggTrade","p":"0.00000147","f":4851657},{"m":true,"E":1595597307181,"l":4851658,"M":true,"q":"1000.00000000","s":"GOBTC","a":2691416,"T":1595597307180,"e":"aggTrade","p":"0.00000147","f":4851658},{"m":true,"E":1595597319962,"l":4851662,"M":true,"q":"21368.00000000","s":"GOBTC","a":2691417,"T":1595597319961,"e":"aggTrade","p":"0.00000147","f":4851659},{"m":true,"E":1595597320188,"l":4851663,"M":true,"q":"837.00000000","s":"GOBTC","a":2691418,"T":1595597320187,"e":"aggTrade","p":"0.00000146","f":4851663},{"m":true,"E":1595597320188,"l":4851664,"M":true,"q":"3425.00000000","s":"GOBTC","a":2691419,"T":1595597320187,"e":"aggTrade","p":"0.00000146","f":4851664},{"m":true,"E":1595597320188,"l":4851665,"M":true,"q":"2956.00000000","s":"GOBTC","a":2691420,"T":1595597320187,"e":"aggTrade","p":"0.00000146","f":4851665},{"m":true,"E":1595597321376,"l":4851666,"M":true,"q":"2069.00000000","s":"GOBTC","a":2691421,"T":1595597321375,"e":"aggTrade","p":"0.00000146","f":4851666},{"m":true,"E":1595597321380,"l":4851667,"M":true,"q":"2775.00000000","s":"GOBTC","a":2691422,"T":1595597321379,"e":"aggTrade","p":"0.00000146","f":4851667},{"m":true,"E":1595597321392,"l":4851668,"M":true,"q":"2817.00000000","s":"GOBTC","a":2691423,"T":1595597321391,"e":"aggTrade","p":"0.00000146","f":4851668},{"m":true,"E":1595597321456,"l":4851669,"M":true,"q":"4167.00000000","s":"GOBTC","a":2691424,"T":1595597321455,"e":"aggTrade","p":"0.00000146","f":4851669},{"m":true,"E":1595597325695,"l":4851670,"M":true,"q":"305.00000000","s":"GOBTC","a":2691425,"T":1595597325694,"e":"aggTrade","p":"0.00000146","f":4851670},{"m":true,"E":1595597332225,"l":4851671,"M":true,"q":"354.00000000","s":"GOBTC","a":2691426,"T":1595597332224,"e":"aggTrade","p":"0.00000146","f":4851671},{"m":true,"E":1595597337702,"l":4851672,"M":true,"q":"1700.00000000","s":"GOBTC","a":2691427,"T":1595597337701,"e":"aggTrade","p":"0.00000146","f":4851672},{"m":true,"E":1595597344288,"l":4851673,"M":true,"q":"306.00000000","s":"GOBTC","a":2691428,"T":1595597344287,"e":"aggTrade","p":"0.00000146","f":4851673}]]},{"peak":"49.82698962|330,-13.05483029|150,5.83115753|30,-3.40136054|60,7.14285714|120,-4.73815461|150,6.31753948|120,-3.31179321|120,41.11470113|168,-11.55810983|15,3.76756066|27,-3.50318471|18,3.50318471|36,-7.54467240|78,5.62541363|30,-11.76470588|126,5.60224090|45,-10.23391813|27,4.23976608|66,-6.02230483|45,10.03717472|72,-3.85964912|33,8.63157895|96,-17.53986333|177,4.85952923|30,-3.44569288|24,10.56179775|99,-8.44966936|66,4.92285084|30,-5.93471810|60,6.89910979|75,-11.36012365|276,3.47758887|30,-16.43478261|297,3.82608696|157,-3.73588184|48,5.64726325|33,-3.84286934|18,3.50128096|39,-5.29973936|92,3.38835795|68,-6.91823899|149,9.97304582|239,-8.12720848|224,-9.38337802|230,8.40035746|111,-7.72646536|55,4.44049734|70","transactionList":[{},{},{},{},{},{},{},{},{},{},{},{},{},{},{},{},{},{},{},{},{},{},{},{},{},{},{},{},{},{},{},{},{},{},{},{},{},{},{},{},{},{},{},{},[{"m":false,"E":1595588304574,"l":232100,"M":true,"q":"333.00000000","s":"IRISBTC","a":141718,"T":1595588304572,"e":"aggTrade","p":"0.00000566","f":232100},{"m":false,"E":1595588304574,"l":232103,"M":true,"q":"11002.00000000","s":"IRISBTC","a":141719,"T":1595588304572,"e":"aggTrade","p":"0.00000568","f":232101},{"m":false,"E":1595588307247,"l":232104,"M":true,"q":"88.00000000","s":"IRISBTC","a":141720,"T":1595588307246,"e":"aggTrade","p":"0.00000568","f":232104},{"m":false,"E":1595588307332,"l":232105,"M":true,"q":"704.00000000","s":"IRISBTC","a":141721,"T":1595588307331,"e":"aggTrade","p":"0.00000568","f":232105},{"m":true,"E":1595588308978,"l":232106,"M":true,"q":"67.00000000","s":"IRISBTC","a":141722,"T":1595588308977,"e":"aggTrade","p":"0.00000566","f":232106},{"m":false,"E":1595588309159,"l":232107,"M":true,"q":"35.00000000","s":"IRISBTC","a":141723,"T":1595588309157,"e":"aggTrade","p":"0.00000567","f":232107},{"m":true,"E":1595588314768,"l":232108,"M":true,"q":"360.00000000","s":"IRISBTC","a":141724,"T":1595588314767,"e":"aggTrade","p":"0.00000566","f":232108},{"m":false,"E":1595588316667,"l":232109,"M":true,"q":"36.00000000","s":"IRISBTC","a":141725,"T":1595588316666,"e":"aggTrade","p":"0.00000567","f":232109},{"m":false,"E":1595588317636,"l":232111,"M":true,"q":"440.00000000","s":"IRISBTC","a":141726,"T":1595588317635,"e":"aggTrade","p":"0.00000567","f":232110},{"m":false,"E":1595588322015,"l":232112,"M":true,"q":"529.00000000","s":"IRISBTC","a":141727,"T":1595588322014,"e":"aggTrade","p":"0.00000567","f":232112},{"m":false,"E":1595588323531,"l":232113,"M":true,"q":"880.00000000","s":"IRISBTC","a":141728,"T":1595588323530,"e":"aggTrade","p":"0.00000567","f":232113},{"m":false,"E":1595588326500,"l":232114,"M":true,"q":"21.00000000","s":"IRISBTC","a":141729,"T":1595588326499,"e":"aggTrade","p":"0.00000567","f":232114},{"m":false,"E":1595588327175,"l":232115,"M":true,"q":"317.00000000","s":"IRISBTC","a":141730,"T":1595588327174,"e":"aggTrade","p":"0.00000567","f":232115},{"m":false,"E":1595588327510,"l":232116,"M":true,"q":"3546.00000000","s":"IRISBTC","a":141731,"T":1595588327508,"e":"aggTrade","p":"0.00000567","f":232116},{"m":false,"E":1595588328765,"l":232117,"M":true,"q":"316.00000000","s":"IRISBTC","a":141732,"T":1595588328764,"e":"aggTrade","p":"0.00000567","f":232117},{"m":false,"E":1595588329607,"l":232118,"M":true,"q":"3270.00000000","s":"IRISBTC","a":141733,"T":1595588329606,"e":"aggTrade","p":"0.00000567","f":232118},{"m":true,"E":1595588329716,"l":232119,"M":true,"q":"5304.00000000","s":"IRISBTC","a":141734,"T":1595588329714,"e":"aggTrade","p":"0.00000566","f":232119},{"m":false,"E":1595588338380,"l":232120,"M":true,"q":"390.00000000","s":"IRISBTC","a":141735,"T":1595588338378,"e":"aggTrade","p":"0.00000566","f":232120},{"m":true,"E":1595588338389,"l":232121,"M":true,"q":"36.00000000","s":"IRISBTC","a":141736,"T":1595588338388,"e":"aggTrade","p":"0.00000566","f":232121},{"m":false,"E":1595588349273,"l":232122,"M":true,"q":"1056.00000000","s":"IRISBTC","a":141737,"T":1595588349272,"e":"aggTrade","p":"0.00000567","f":232122},{"m":true,"E":1595588352206,"l":232128,"M":true,"q":"32518.00000000","s":"IRISBTC","a":141738,"T":1595588352204,"e":"aggTrade","p":"0.00000565","f":232123},{"m":true,"E":1595588359517,"l":232131,"M":true,"q":"12357.00000000","s":"IRISBTC","a":141739,"T":1595588359516,"e":"aggTrade","p":"0.00000565","f":232129},{"m":true,"E":1595588360745,"l":232134,"M":true,"q":"3463.00000000","s":"IRISBTC","a":141740,"T":1595588360743,"e":"aggTrade","p":"0.00000564","f":232132},{"m":true,"E":1595588360745,"l":232136,"M":true,"q":"1961.00000000","s":"IRISBTC","a":141741,"T":1595588360743,"e":"aggTrade","p":"0.00000563","f":232135},{"m":true,"E":1595588364070,"l":232137,"M":true,"q":"1219.00000000","s":"IRISBTC","a":141742,"T":1595588364067,"e":"aggTrade","p":"0.00000563","f":232137},{"m":true,"E":1595588364070,"l":232142,"M":true,"q":"56749.00000000","s":"IRISBTC","a":141743,"T":1595588364067,"e":"aggTrade","p":"0.00000562","f":232138},{"m":true,"E":1595588364070,"l":232144,"M":true,"q":"136.00000000","s":"IRISBTC","a":141744,"T":1595588364067,"e":"aggTrade","p":"0.00000561","f":232143},{"m":true,"E":1595588364070,"l":232152,"M":true,"q":"16451.00000000","s":"IRISBTC","a":141745,"T":1595588364067,"e":"aggTrade","p":"0.00000560","f":232145},{"m":false,"E":1595588364079,"l":232153,"M":true,"q":"1817.00000000","s":"IRISBTC","a":141746,"T":1595588364078,"e":"aggTrade","p":"0.00000560","f":232153},{"m":false,"E":1595588364088,"l":232154,"M":true,"q":"1817.00000000","s":"IRISBTC","a":141747,"T":1595588364087,"e":"aggTrade","p":"0.00000560","f":232154},{"m":false,"E":1595588364089,"l":232155,"M":true,"q":"3895.00000000","s":"IRISBTC","a":141748,"T":1595588364088,"e":"aggTrade","p":"0.00000560","f":232155},{"m":false,"E":1595588364139,"l":232156,"M":true,"q":"24114.00000000","s":"IRISBTC","a":141749,"T":1595588364138,"e":"aggTrade","p":"0.00000560","f":232156},{"m":false,"E":1595588364186,"l":232157,"M":true,"q":"6940.00000000","s":"IRISBTC","a":141750,"T":1595588364185,"e":"aggTrade","p":"0.00000560","f":232157},{"m":false,"E":1595588364319,"l":232159,"M":true,"q":"2317.00000000","s":"IRISBTC","a":141751,"T":1595588364318,"e":"aggTrade","p":"0.00000562","f":232158},{"m":false,"E":1595588364319,"l":232160,"M":true,"q":"4623.00000000","s":"IRISBTC","a":141752,"T":1595588364318,"e":"aggTrade","p":"0.00000564","f":232160},{"m":false,"E":1595588371220,"l":232161,"M":true,"q":"370.00000000","s":"IRISBTC","a":141753,"T":1595588371219,"e":"aggTrade","p":"0.00000563","f":232161},{"m":false,"E":1595588372603,"l":232162,"M":true,"q":"248.00000000","s":"IRISBTC","a":141754,"T":1595588372602,"e":"aggTrade","p":"0.00000563","f":232162},{"m":false,"E":1595588378324,"l":232163,"M":true,"q":"355.00000000","s":"IRISBTC","a":141755,"T":1595588378323,"e":"aggTrade","p":"0.00000564","f":232163},{"m":false,"E":1595588381307,"l":232164,"M":true,"q":"36.00000000","s":"IRISBTC","a":141756,"T":1595588381306,"e":"aggTrade","p":"0.00000564","f":232164},{"m":true,"E":1595588394710,"l":232167,"M":true,"q":"3503.00000000","s":"IRISBTC","a":141757,"T":1595588394709,"e":"aggTrade","p":"0.00000563","f":232165},{"m":true,"E":1595588403019,"l":232168,"M":true,"q":"622.00000000","s":"IRISBTC","a":141758,"T":1595588403018,"e":"aggTrade","p":"0.00000563","f":232168}