[{"peak":"","transactionList":[]},{"peak":"5.14065979|750,-10.32066256|4620,3.27033340|1290,-6.48127874|2370,5.56163784|4620,-5.19310495|3120,5.58586079|5220,-9.38065099|5121,4.88245931|1386,-3.11111111|856,3.97777778|770","transactionList":[{},{},{},{},{},{},{},{},{},{},{}]},{"peak":"-3.05676856|1140,5.24017467|1800,-7.58928571|600,10.04464286|3720,-7.17391304|1140,13.69565217|4560,-5.65656566|3210,5.85858586|2370,-5.22088353|600,11.44578313|1140,-5.91603053|1170,8.96946565|750,-4.96323529|1680,6.98529412|1860,-11.92307692|747,4.23076923|1302,-6.27450980|1679","transactionList":[{},{},{},{},{},{},{},{},{},{},{},{},{},{},{},{},{}]},{"peak":"16.55680496|2340,-4.48383733|180,16.37122002|1020,-6.15091947|330,12.07989854|630,-6.25187857|870,5.44033664|1290,-6.30303030|420,7.63636364|90,-5.84028605|420,5.09535161|360,-14.43867618|1080,8.40363400|1320,-7.35861183|1230,8.00128535|720,-10.12450852|2310,10.74705111|1080,-6.82680152|1080,3.41340076|120,-6.61453242|1800,6.41902900|360,-19.37134503|1200,3.80116959|1200,-10.16291699|1770,10.51202483|1590,-17.82464847|2916,7.36145575|555,-3.26173429|39,7.71678600|573,-4.96124031|586,16.16279070|250,-14.38931298|193","transactionList":[{},{},{},{},{},{},{},{},{},{},{},{},{},{},{},{},{},{},{},{},{},{},{},{},{},{},{},{},{},{},{},{}]},{"peak":"5.83746662|1410,-15.15151515|2880,11.20797011|810,-4.52594616|300,11.35388217|990,-17.59373712|2640,17.26411207|2940,-5.01845018|420,6.60516605|450,-3.28923847|180,8.93814802|870,-4.34931507|330,3.28767123|180,-6.76106195|210,4.60176991|540,-4.26958363|510,5.29287227|690,-5.47896783|720,14.84623542|1590,-3.63636364|90,25.07177033|330,-14.81698389|570,6.58857980|150,-5.50724638|270,7.59420290|240,-4.29896038|210,8.42933408|120,-6.36714443|240,5.01653804|120,-8.51609228|600,7.26288807|180,-6.38418079|780,9.51977401|540,-4.67062635|150,3.07775378|60,-3.27292399|90,25.20962943|660,-7.45125348|150,19.22005571|360,-4.53897822|120,9.76999796|120,-4.27300851|120,16.86001547|210,-8.25720939|300,8.22138635|210,-8.88448369|210,3.64029555|90,-17.67955801|270,9.06486597|150,-5.50277118|210,4.43388757|375,-10.63115957|159,11.53281610|162,-5.99840574|117,3.52730171|21,-9.59915612|315,25.42194093|390,-12.23333963|141,5.62582594|117,-3.64949981|90,6.44683216|171,-4.70116618|75,11.15160350|246,-8.06023029|129,7.79450841|174,-3.24058364|34,10.63793688|112,-5.10960671|14,4.02965828|33,-9.61277174|175,5.62160326|46,-4.89121268|81,6.02125148|293,-3.95237308|38,3.85315032|61,7.39209525|156,-10.31085443|175,3.17649057|19,-3.93566051|39,3.54209446|56","transactionList":[{},{},{},{},{},{},{},{},{},{},{},{},{},{},{},{},{},{},{},{},{},{},{},{},{},{},{},{},{},{},{},{},{},{},{},{},{},{},{},{},{},{},{},{},{},{},{},{},{},{},{},{},{},{},{},{},{},{},{},{},{},{},{},{},{},{},{},{},{},{},{},{},{},{},{},[{"m":false,"E":1593475392484,"l":3510317,"M":true,"q":"338.00000000","s":"ONGBTC","a":2635357,"T":1593475392481,"e":"aggTrade","p":"0.00003197","f":3510315},{"m":false,"E":1593475395616,"l":3510318,"M":true,"q":"397.00000000","s":"ONGBTC","a":2635358,"T":1593475395615,"e":"aggTrade","p":"0.00003197","f":3510318},{"m":false,"E":1593475397139,"l":3510319,"M":true,"q":"5.00000000","s":"ONGBTC","a":2635359,"T":1593475397138,"e":"aggTrade","p":"0.00003198","f":3510319},{"m":true,"E":1593475397147,"l":3510320,"M":true,"q":"27.00000000","s":"ONGBTC","a":2635360,"T":1593475397146,"e":"aggTrade","p":"0.00003198","f":3510320},{"m":false,"E":1593475398709,"l":3510323,"M":true,"q":"11580.00000000","s":"ONGBTC","a":2635361,"T":1593475398707,"e":"aggTrade","p":"0.00003199","f":3510321},{"m":false,"E":1593475399956,"l":3510324,"M":true,"q":"148.00000000","s":"ONGBTC","a":2635362,"T":1593475399955,"e":"aggTrade","p":"0.00003199","f":3510324},{"m":false,"E":1593475400145,"l":3510325,"M":true,"q":"467.00000000","s":"ONGBTC","a":2635363,"T":1593475400144,"e":"aggTrade","p":"0.00003199","f":3510325},{"m":false,"E":1593475401158,"l":3510326,"M":true,"q":"11732.00000000","s":"ONGBTC","a":2635364,"T":1593475401157,"e":"aggTrade","p":"0.00003199","f":3510326},{"m":false,"E":1593475405203,"l":3510327,"M":true,"q":"405.00000000","s":"ONGBTC","a":2635365,"T":1593475405202,"e":"aggTrade","p":"0.00003199","f":3510327},{"m":false,"E":1593475405325,"l":3510328,"M":true,"q":"1.00000000","s":"ONGBTC","a":2635366,"T":1593475405324,"e":"aggTrade","p":"0.00003199","f":3510328},{"m":false,"E":1593475405548,"l":3510329,"M":true,"q":"400.00000000","s":"ONGBTC","a":2635367,"T":1593475405547,"e":"aggTrade","p":"0.00003199","f":3510329},{"m":false,"E":1593475406169,"l":3510330,"M":true,"q":"467.00000000","s":"ONGBTC","a":2635368,"T":1593475406168,"e":"aggTrade","p":"0.00003199","f":3510330},{"m":false,"E":1593475406954,"l":3510331,"M":true,"q":"1384.00000000","s":"ONGBTC","a":2635369,"T":1593475406953,"e":"aggTrade","p":"0.00003199","f":3510331},{"m":false,"E":1593475407107,"l":3510334,"M":true,"q":"403.00000000","s":"ONGBTC","a":2635370,"T":1593475407106,"e":"aggTrade","p":"0.00003199","f":3510332},{"m":false,"E":1593475407553,"l":3510335,"M":true,"q":"121.00000000","s":"ONGBTC","a":2635371,"T":1593475407552,"e":"aggTrade","p":"0.00003199","f":3510335},{"m":false,"E":1593475408147,"l":3510337,"M":true,"q":"467.00000000","s":"ONGBTC","a":2635372,"T":1593475408146,"e":"aggTrade","p":"0.00003199","f":3510336},{"m":false,"E":1593475410913,"l":3510338,"M":true,"q":"471.00000000","s":"ONGBTC","a":2635373,"T":1593475410911,"e":"aggTrade","p":"0.00003199","f":3510338},{"m":false,"E":1593475410914,"l":3510354,"M":true,"q":"14809.00000000","s":"ONGBTC","a":2635374,"T":1593475410911,"e":"aggTrade","p":"0.00003200","f":3510339},{"m":true,"E":1593475410928,"l":3510355,"M":true,"q":"1343.00000000","s":"ONGBTC","a":2635375,"T":1593475410927,"e":"aggTrade","p":"0.00003195","f":3510355},{"m":true,"E":1593475410941,"l":3510356,"M":true,"q":"2236.00000000","s":"ONGBTC","a":2635376,"T":1593475410939,"e":"aggTrade","p":"0.00003195","f":3510356},{"m":true,"E":1593475410968,"l":3510357,"M":true,"q":"1756.00000000","s":"ONGBTC","a":2635377,"T":1593475410967,"e":"aggTrade","p":"0.00003196","f":3510357},{"m":true,"E":1593475410980,"l":3510358,"M":true,"q":"585.00000000","s":"ONGBTC","a":2635378,"T":1593475410979,"e":"aggTrade","p":"0.00003196","f":3510358},{"m":false,"E":1593475411229,"l":3510359,"M":true,"q":"8156.00000000","s":"ONGBTC","a":2635379,"T":1593475411228,"e":"aggTrade","p":"0.00003200","f":3510359},{"m":false,"E":1593475411478,"l":3510360,"M":true,"q":"307.00000000","s":"ONGBTC","a":2635380,"T":1593475411477,"e":"aggTrade","p":"0.00003200","f":3510360},{"m":false,"E":1593475412113,"l":3510361,"M":true,"q":"467.00000000","s":"ONGBTC","a":2635381,"T":1593475412112,"e":"aggTrade","p":"0.00003200","f":3510361},{"m":false,"E":1593475412174,"l":3510362,"M":true,"q":"266.00000000","s":"ONGBTC","a":2635382,"T":1593475412173,"e":"aggTrade","p":"0.00003200","f":3510362},{"m":false,"E":1593475412607,"l":3510363,"M":true,"q":"5080.00000000","s":"ONGBTC","a":2635383,"T":1593475412606,"e":"aggTrade","p":"0.00003200","f":3510363},{"m":false,"E":1593475413566,"l":3510364,"M":true,"q":"1826.00000000","s":"ONGBTC","a":2635384,"T":1593475413565,"e":"aggTrade","p":"0.00003200","f":3510364},{"m":false,"E":1593475413671,"l":3510370,"M":true,"q":"10180.00000000","s":"ONGBTC","a":2635385,"T":1593475413669,"e":"aggTrade","p":"0.00003200","f":3510365},{"m":false,"E":1593475414539,"l":3510371,"M":true,"q":"633.00000000","s":"ONGBTC","a":2635386,"T":1593475414538,"e":"aggTrade","p":"0.00003200","f":3510371},{"m":true,"E":1593475415501,"l":3510372,"M":true,"q":"321.00000000","s":"ONGBTC","a":2635387,"T":1593475415500,"e":"aggTrade","p":"0.00003200","f":3510372},{"m":false,"E":1593475416183,"l":3510373,"M":true,"q":"109.00000000","s":"ONGBTC","a":2635388,"T":1593475416182,"e":"aggTrade","p":"0.00003201","f":3510373},{"m":false,"E":1593475417097,"l":3510374,"M":true,"q":"14.00000000","s":"ONGBTC","a":2635389,"T":1593475417093,"e":"aggTrade","p":"0.00003201","f":3510374},{"m":false,"E":1593475417097,"l":3510375,"M":true,"q":"4.00000000","s":"ONGBTC","a":2635390,"T":1593475417093,"e":"aggTrade","p":"0.00003202","f":3510375},{"m":false,"E":1593475417097,"l":3510376,"M":true,"q":"58.00000000","s":"ONGBTC","a":2635391,"T":1593475417093,"e":"aggTrade","p":"0.00003203","f":3510376},{"m":false,"E":1593475417097,"l":3510380,"M":true,"q":"109.00000000","s":"ONGBTC","a":2635392,"T":1593475417093,"e":"aggTrade","p":"0.00003204","f":3510377},{"m":false,"E":1593475417097,"l":3510383,"M":true,"q":"338.00000000","s":"ONGBTC","a":2635393,"T":1593475417093,"e":"aggTrade","p":"0.00003205","f":3510381},{"m":false,"E":1593475417097,"l":3510385,"M":true,"q":"11.00000000","s":"ONGBTC","a":2635394,"T":1593475417093,"e":"aggTrade","p":"0.00003206","f":3510384},{"m":false,"E":1593475417097,"l":3510391,"M":true,"q":"29.00000000","s":"ONGBTC","a":2635395,"T":1593475417093,"e":"aggTrade","p":"0.00003207","f":3510386},{"m":false,"E":1593475417097,"l":3510394,"M":true,"q":"1598.00000000","s":"ONGBTC","a":2635396,"T":1593475417093,"e":"aggTrade","p":"0.00003208","f":3510392},{"m":false,"E":1593475417097,"l":3510396,"M":true,"q":"15.00000000","s":"ONGBTC","a":2635397,"T":1593475417093,"e":"aggTrade","p":"0.00003209","f":3510395},{"m":false,"E":1593475417097,"l":3510401,"M":true,"q":"576.00000000","s":"ONGBTC","a":2635398,"T":1593475417093,"e":"aggTrade","p":"0.00003210","f":3510397},{"m":false,"E":1593475417097,"l":3510405,"M":true,"q":"130.00000000","s":"ONGBTC","a":2635399,"T":1593475417093,"e":"aggTrade","p":"0.00003212","f":3510402},{"m":false,"E":1593475417097,"l":3510406,"M":true,"q":"4.00000000","s":"ONGBTC","a":2635400,"T":1593475417093,"e":"aggTrade","p":"0.00003213","f":3510406},{"m":false,"E":1593475417097,"l":3510407,"M":true,"q":"10.00000000","s":"ONGBTC","a":2635401,"T":1593475417093,"e":"aggTrade","p":"0.00003214","f":3510407},{"m":false,"E":1593475417097,"l":3510409,"M":true,"q":"54.00000000","s":"ONGBTC","a":2635402,"T":1593475417093,"e":"aggTrade","p":"0.00003215","f":3510408},{"m":false,"E":1593475417097,"l":3510412,"M":true,"q":"236.00000000","s":"ONGBTC","a":2635403,"T":1593475417093,"e":"aggTrade","p":"0.00003217","f":3510410},{"m":false,"E":1593475417097,"l":3510414,"M":true,"q":"89.00000000","s":"ONGBTC","a":2635404,"T":1593475417093,"e":"aggTrade","p":"0.00003218","f":3510413},{"m":false,"E":1593475417097,"l":3510417,"M":true,"q":"24.00000000","s":"ONGBTC","a":2635405,"T":1593475417093,"e":"aggTrade","p":"0.00003219","f":3510415},{"m":false,"E":1593475417097,"l":3510421,"M":true,"q":"1034.00000000","s":"ONGBTC","a":2635406,"T":1593475417093,"e":"aggTrade","p":"0.00003220","f":3510418},{"m":false,"E":1593475417097,"l":3510422,"M":true,"q":"14168.00000000","s":"ONGBTC","a":2635407,"T":1593475417093,"e":"aggTrade","p":"0.00003221","f":3510422},{"m":false,"E":1593475420147,"l":3510423,"M":true,"q":"8.00000000","s":"ONGBTC","a":2635408,"T":1593475420145,"e":"aggTrade","p":"0.00003222","f":3510423},{"m":true,"E":1593475420154,"l":3510424,"M":true,"q":"117.00000000","s":"ONGBTC","a":2635409,"T":1593475420152,"e":"aggTrade","p":"0.00003222","f":3510424},{"m":true,"E":1593475420222,"l":3510425,"M":true,"q":"7.00000000","s":"ONGBTC","a":2635410,"T":1593475420220,"e":"aggTrade","p":"0.00003222","f":3510425},{"m":true,"E":1593475420514,"l":3510427,"M":true,"q":"245.00000000","s":"ONGBTC","a":2635411,"T":1593475420513,"e":"aggTrade","p":"0.00003207","f":3510426},{"m":true,"E":1593475420516,"l":3510429,"M":true,"q":"160.00000000","s":"ONGBTC","a":2635412,"T":1593475420514,"e":"aggTrade","p":"0.00003207","f":3510428},{"m":true,"E":1593475420867,"l":3510430,"M":true,"q":"7.00000000","s":"ONGBTC","a":2635413,"T":1593475420865,"e":"aggTrade","p":"0.00003222","f":3510430},{"m":true,"E":1593475421331,"l":3510431,"M":true,"q":"7.00000000","s":"ONGBTC","a":2635414,"T":1593475421330,"e":"aggTrade","p":"0.00003222","f":3510431},{"m":true,"E":1593475421364,"l":3510432,"M":true,"q":"4.00000000","s":"ONGBTC","a":2635415,"T":1593475421363,"e":"aggTrade","p":"0.00003222","f":3510432},{"m":false,"E":1593475421404,"l":3510433,"M":true,"q":"47.00000000","s":"ONGBTC","a":2635416,"T":1593475421403,"e":"aggTrade","p":"0.00003223","f":3510433},{"m":true,"E":1593475434663,"l":3510434,"M":true,"q":"4.00000000","s":"ONGBTC","a":2635417,"T":1593475434662,"e":"aggTrade","p":"0.00003210","f":3510434},{"m":false,"E":1593475437439,"l":3510435,"M":true,"q":"4.00000000","s":"ONGBTC","a":2635418,"T":1593475437437,"e":"aggTrade","p":"0.00003223","f":3510435},{"m":false,"E":1593475437439,"l":3510437,"M":true,"q":"303.00000000","s":"ONGBTC","a":2635419,"T":1593475437437,"e":"aggTrade","p":"0.00003224","f":3510436},{"m":false,"E":1593475437439,"l":3510440,"M":true,"q":"62.00000000","s":"ONGBTC","a":2635420,"T":1593475437437,"e":"aggTrade","p":"0.00003225","f":3510438},{"m":false,"E":1593475437439,"l":3510441,"M":true,"q":"12.00000000","s":"ONGBTC","a":2635421,"T":1593475437437,"e":"aggTrade","p":"0.00003226","f":3510441},{"m":false,"E":1593475437439,"l":3510442,"M":true,"q":"4.00000000","s":"ONGBTC","a":2635422,"T":1593475437437,"e":"aggTrade","p":"0.00003227","f":3510442},{"m":false,"E":1593475437439,"l":3510444,"M":true,"q":"9.00000000","s":"ONGBTC","a":2635423,"T":1593475437437,"e":"aggTrade","p":"0.00003228","f":3510443},{"m":false,"E":1593475437439,"l":3510447,"M":true,"q":"2206.00000000","s":"ONGBTC","a":2635424,"T":1593475437437,"e":"aggTrade","p":"0.00003229","f":3510445},{"m":false,"E":1593475438124,"l":3510449,"M":true,"q":"462.00000000","s":"ONGBTC","a":2635425,"T":1593475438123,"e":"aggTrade","p":"0.00003229","f":3510448},{"m":false,"E":1593475438197,"l":3510450,"M":true,"q":"304.00000000","s":"ONGBTC","a":2635426,"T":1593475438196,"e":"aggTrade","p":"0.00003229","f":3510450},{"m":true,"E":1593475438206,"l":3510451,"M":true,"q":"96.00000000","s":"ONGBTC","a":2635427,"T":1593475438205,"e":"aggTrade","p":"0.00003229","f":3510451},{"m":false,"E":1593475438357,"l":3510452,"M":true,"q":"1.00000000","s":"ONGBTC","a":2635428,"T":1593475438356,"e":"aggTrade","p":"0.00003230","f":3510452},{"m":false,"E":1593475438517,"l":3510455,"M":true,"q":"26.00000000","s":"ONGBTC","a":2635429,"T":1593475438516,"e":"aggTrade","p":"0.00003230","f":3510453},{"m":false,"E":1593475438745,"l":3510457,"M":true,"q":"171.00000000","s":"ONGBTC","a":2635430,"T":1593475438742,"e":"aggTrade","p":"0.00003230","f":3510456},{"m":false,"E":1593475438745,"l":3510459,"M":true,"q":"55.00000000","s":"ONGBTC","a":2635431,"T":1593475438742,"e":"aggTrade","p":"0.00003231","f":3510458},{"m":false,"E":1593475438745,"l":3510463,"M":true,"q":"1062.00000000","s":"ONGBTC","a":2635432,"T":1593475438742,"e":"aggTrade","p":"0.00003232","f":3510460},{"m":false,"E":1593475438745,"l":3510466,"M":true,"q":"36.00000000","s":"ONGBTC","a":2635433,"T":1593475438742,"e":"aggTrade","p":"0.00003233","f":3510464},{"m":false,"E":1593475438745,"l":3510470,"M":true,"q":"98.00000000","s":"ONGBTC","a":2635434,"T":1593475438742,"e":"aggTrade","p":"0.00003235","f":3510467},{"m":false,"E":1593475438745,"l":3510471,"M":true,"q":"4.00000000","s":"ONGBTC","a":2635435,"T":1593475438742,"e":"aggTrade","p":"0.00003236","f":3510471},{"m":false,"E":1593475438745,"l":3510475,"M":true,"q":"214.00000000","s":"ONGBTC","a":2635436,"T":1593475438742,"e":"aggTrade","p":"0.00003237","f":3510472},{"m":true,"E":1593475440543,"l":3510476,"M":true,"q":"102.00000000","s":"ONGBTC","a":2635437,"T":1593475440541,"e":"aggTrade","p":"0.00003232","f":3510476},{"m":true,"E":1593475440877,"l":3510477,"M":true,"q":"4.00000000","s":"ONGBTC","a":2635438,"T":1593475440875,"e":"aggTrade","p":"0.00003232","f":3510477},{"m":true,"E":1593475440958,"l":3510478,"M":true,"q":"23.00000000","s":"ONGBTC","a":2635439,"T":1593475440957,"e":"aggTrade","p":"0.00003232","f":3510478},{"m":true,"E":1593475440958,"l":3510479,"M":true,"q":"4.00000000","s":"ONGBTC","a":2635440,"T":1593475440957,"e":"aggTrade","p":"0.00003229","f":3510479},{"m":true,"E":1593475440958,"l":3510480,"M":true,"q":"520.00000000","s":"ONGBTC","a":2635441,"T":1593475440957,"e":"aggTrade","p":"0.00003224","f":3510480},{"m":true,"E":1593475441017,"l":3510481,"M":true,"q":"229.00000000","s":"ONGBTC","a":2635442,"T":1593475441016,"e":"aggTrade","p":"0.00003224","f":3510481},{"m":true,"E":1593475441077,"l":3510482,"M":true,"q":"24.00000000","s":"ONGBTC","a":2635443,"T":1593475441076,"e":"aggTrade","p":"0.00003224","f":3510482},{"m":true,"E":1593475441077,"l":3510483,"M":true,"q":"517.00000000","s":"ONGBTC","a":2635444,"T":1593475441076,"e":"aggTrade","p":"0.00003223","f":3510483},{"m":false,"E":1593475442864,"l":3510485,"M":true,"q":"7.00000000","s":"ONGBTC","a":2635445,"T":1593475442863,"e":"aggTrade","p":"0.00003237","f":3510484},{"m":false,"E":1593475443054,"l":3510486,"M":true,"q":"7.00000000","s":"ONGBTC","a":2635446,"T":1593475443053,"e":"aggTrade","p":"0.00003237","f":3510486},{"m":false,"E":1593475443126,"l":3510487,"M":true,"q":"400.00000000","s":"ONGBTC","a":2635447,"T":1593475443125,"e":"aggTrade","p":"0.00003237","f":3510487},{"m":false,"E":1593475443211,"l":3510488,"M":true,"q":"51.00000000","s":"ONGBTC","a":2635448,"T":1593475443210,"e":"aggTrade","p":"0.00003237","f":3510488},{"m":true,"E":1593475444134,"l":3510489,"M":true,"q":"7.00000000","s":"ONGBTC","a":2635449,"T":1593475444133,"e":"aggTrade","p":"0.00003237","f":3510489},{"m":false,"E":1593475444953,"l":3510492,"M":true,"q":"208.00000000","s":"ONGBTC","a":2635450,"T":1593475444950,"e":"aggTrade","p":"0.00003239","f":3510490},{"m":false,"E":1593475444953,"l":3510494,"M":true,"q":"296.00000000","s":"ONGBTC","a":2635451,"T":1593475444950,"e":"aggTrade","p":"0.00003240","f":3510493},{"m":false,"E":1593475444953,"l":3510495,"M":true,"q":"8.00000000","s":"ONGBTC","a":2635452,"T":1593475444950,"e":"aggTrade","p":"0.00003241","f":3510495},{"m":false,"E":1593475444953,"l":3510496,"M":true,"q":"4.00000000","s":"ONGBTC","a":2635453,"T":1593475444950,"e":"aggTrade","p":"0.00003242","f":3510496},{"m":false,"E":1593475444953,"l":3510498,"M":true,"q":"339.00000000","s":"ONGBTC","a":2635454,"T":1593475444950,"e":"aggTrade","p":"0.00003243","f":3510497},{"m":false,"E":1593475444953,"l":3510510,"M":true,"q":"422.00000000","s":"ONGBTC","a":2635455,"T":1593475444950,"e":"aggTrade","p":"0.00003244","f":3510499},{"m":false,"E":1593475446554,"l":3510513,"M":true,"q":"32.00000000","s":"ONGBTC","a":2635456,"T":1593475446553,"e":"aggTrade","p":"0.00003244","f":3510511},{"m":false,"E":1593475446554,"l":3510515,"M":true,"q":"63.00000000","s":"ONGBTC","a":2635457,"T":1593475446553,"e":"aggTrade","p":"0.00003246","f":3510514},{"m":false,"E":1593475450351,"l":3510516,"M":true,"q":"4602.00000000","s":"ONGBTC","a":2635458,"T":1593475450348,"e":"aggTrade","p":"0.00003245","f":3510516},{"m":false,"E":1593475450351,"l":3510528,"M":true,"q":"353.00000000","s":"ONGBTC","a":2635459,"T":1593475450348,"e":"aggTrade","p":"0.00003246","f":3510517},{"m":false,"E":1593475450351,"l":3510534,"M":true,"q":"155.00000000","s":"ONGBTC","a":2635460,"T":1593475450348,"e":"aggTrade","p":"0.00003247","f":3510529},{"m":false,"E":1593475450351,"l":3510535,"M":true,"q":"8.00000000","s":"ONGBTC","a":2635461,"T":1593475450348,"e":"aggTrade","p":"0.00003249","f":3510535},{"m":false,"E":1593475450351,"l":3510538,"M":true,"q":"366.00000000","s":"ONGBTC","a":2635462,"T":1593475450348,"e":"aggTrade","p":"0.00003250","f":3510536},{"m":true,"E":1593475452402,"l":3510540,"M":true,"q":"26.00000000","s":"ONGBTC","a":2635463,"T":1593475452401,"e":"aggTrade","p":"0.00003244","f":3510539},{"m":true,"E":1593475453274,"l":3510541,"M":true,"q":"312.00000000","s":"ONGBTC","a":2635464,"T":1593475453273,"e":"aggTrade","p":"0.00003239","f":3510541},{"m":false,"E":1593475453360,"l":3510542,"M":true,"q":"5762.00000000","s":"ONGBTC","a":2635465,"T":1593475453359,"e":"aggTrade","p":"0.00003246","f":3510542},{"m":false,"E":1593475453360,"l":3510543,"M":true,"q":"510.00000000","s":"ONGBTC","a":2635466,"T":1593475453359,"e":"aggTrade","p":"0.00003247","f":3510543},{"m":true,"E":1593475453365,"l":3510544,"M":true,"q":"1674.00000000","s":"ONGBTC","a":2635467,"T":1593475453364,"e":"aggTrade","p":"0.00003248","f":3510544},{"m":true,"E":1593475453472,"l":3510546,"M":true,"q":"23.00000000","s":"ONGBTC","a":2635468,"T":1593475453471,"e":"aggTrade","p":"0.00003239","f":3510545},{"m":true,"E":1593475453770,"l":3510547,"M":true,"q":"35.00000000","s":"ONGBTC","a":2635469,"T":1593475453769,"e":"aggTrade","p":"0.00003245","f":3510547},{"m":true,"E":1593475453776,"l":3510548,"M":true,"q":"341.00000000","s":"ONGBTC","a":2635470,"T":1593475453775,"e":"aggTrade","p":"0.00003245","f":3510548},{"m":false,"E":1593475453899,"l":3510549,"M":true,"q":"47.00000000","s":"ONGBTC","a":2635471,"T":1593475453898,"e":"aggTrade","p":"0.00003246","f":3510549},{"m":true,"E":1593475453974,"l":3510550,"M":true,"q":"53.00000000","s":"ONGBTC","a":2635472,"T":1593475453973,"e":"aggTrade","p":"0.00003245","f":3510550},{"m":false,"E":1593475454029,"l":3510551,"M":true,"q":"31.00000000","s":"ONGBTC","a":2635473,"T":1593475454028,"e":"aggTrade","p":"0.00003246","f":3510551},{"m":false,"E":1593475454051,"l":3510552,"M":true,"q":"4.00000000","s":"ONGBTC","a":2635474,"T":1593475454050,"e":"aggTrade","p":"0.00003246","f":3510552},{"m":false,"E":1593475455049,"l":3510553,"M":true,"q":"11.00000000","s":"ONGBTC","a":2635475,"T":1593475455047,"e":"aggTrade","p":"0.00003246","f":3510553},{"m":false,"E":1593475455049,"l":3510554,"M":true,"q":"3782.00000000","s":"ONGBTC","a":2635476,"T":1593475455047,"e":"aggTrade","p":"0.00003249","f":3510554},{"m":false,"E":1593475455049,"l":3510556,"M":true,"q":"5400.00000000","s":"ONGBTC","a":2635477,"T":1593475455047,"e":"aggTrade","p":"0.00003250","f":3510555},{"m":true,"E":1593475455140,"l":3510557,"M":true,"q":"16.00000000","s":"ONGBTC","a":2635478,"T":1593475455139,"e":"aggTrade","p":"0.00003237","f":3510557},{"m":true,"E":1593475455352,"l":3510559,"M":true,"q":"63.00000000","s":"ONGBTC","a":2635479,"T":1593475455350,"e":"aggTrade","p":"0.00003237","f":3510558},{"m":true,"E":1593475455541,"l":3510560,"M":true,"q":"7.00000000","s":"ONGBTC","a":2635480,"T":1593475455539,"e":"aggTrade","p":"0.00003246","f":3510560},{"m":true,"E":1593475455888,"l":3510561,"M":true,"q":"7.00000000","s":"ONGBTC","a":2635481,"T":1593475455887,"e":"aggTrade","p":"0.00003246","f":3510561},{"m":true,"E":1593475455888,"l":3510562,"M":true,"q":"30.00000000","s":"ONGBTC","a":2635482,"T":1593475455887,"e":"aggTrade","p":"0.00003245","f":3510562},{"m":true,"E":1593475455910,"l":3510563,"M":true,"q":"42.00000000","s":"ONGBTC","a":2635483,"T":1593475455909,"e":"aggTrade","p":"0.00003245","f":3510563},{"m":true,"E":1593475455974,"l":3510564,"M":true,"q":"2066.00000000","s":"ONGBTC","a":2635484,"T":1593475455972,"e":"aggTrade","p":"0.00003245","f":3510564},{"m":true,"E":1593475455993,"l":3510565,"M":true,"q":"281.00000000","s":"ONGBTC","a":2635485,"T":1593475455991,"e":"aggTrade","p":"0.00003237","f":3510565},{"m":true,"E":1593475455993,"l":3510566,"M":true,"q":"12.00000000","s":"ONGBTC","a":2635486,"T":1593475455991,"e":"aggTrade","p":"0.00003234","f":3510566},{"m":true,"E":1593475455993,"l":3510568,"M":true,"q":"801.00000000","s":"ONGBTC","a":2635487,"T":1593475455991,"e":"aggTrade","p":"0.00003230","f":3510567},{"m":true,"E":1593475455993,"l":3510570,"M":true,"q":"407.00000000","s":"ONGBTC","a":2635488,"T":1593475455991,"e":"aggTrade","p":"0.00003229","f":3510569},{"m":true,"E":1593475455993,"l":3510571,"M":true,"q":"4.00000000","s":"ONGBTC","a":2635489,"T":1593475455991,"e":"aggTrade","p":"0.00003228","f":3510571},{"m":true,"E":1593475455993,"l":3510572,"M":true,"q":"12.00000000","s":"ONGBTC","a":2635490,"T":1593475455991,"e":"aggTrade","p":"0.00003227","f":3510572},{"m":true,"E":1593475455993,"l":3510582,"M":true,"q":"46.00000000","s":"ONGBTC","a":2635491,"T":1593475455991,"e":"aggTrade","p":"0.00003226","f":3510573},{"m":true,"E":1593475455993,"l":3510583,"M":true,"q":"22.00000000","s":"ONGBTC","a":2635492,"T":1593475455991,"e":"aggTrade","p":"0.00003225","f":3510583},{"m":false,"E":1593475456119,"l":3510584,"M":true,"q":"47.00000000","s":"ONGBTC","a":2635493,"T":1593475456118,"e":"aggTrade","p":"0.00003249","f":3510584},{"m":true,"E":1593475456259,"l":3510585,"M":true,"q":"135.00000000","s":"ONGBTC","a":2635494,"T":1593475456258,"e":"aggTrade","p":"0.00003226","f":3510585},{"m":true,"E":1593475456937,"l":3510586,"M":true,"q":"4.00000000","s":"ONGBTC","a":2635495,"T":1593475456936,"e":"aggTrade","p":"0.00003224","f":3510586},{"m":false,"E":1593475457106,"l":3510587,"M":true,"q":"123.00000000","s":"ONGBTC","a":2635496,"T":1593475457105,"e":"aggTrade","p":"0.00003236","f":3510587},{"m":false,"E":1593475458285,"l":3510588,"M":true,"q":"12.00000000","s":"ONGBTC","a":2635497,"T":1593475458284,"e":"aggTrade","p":"0.00003236","f":3510588},{"m":true,"E":1593475458292,"l":3510589,"M":true,"q":"281.00000000","s":"ONGBTC","a":2635498,"T":1593475458291,"e":"aggTrade","p":"0.00003237","f":3510589},{"m":true,"E":1593475462929,"l":3510590,"M":true,"q":"5.00000000","s":"ONGBTC","a":2635499,"T":1593475462928,"e":"aggTrade","p":"0.00003234","f":3510590},{"m":false,"E":1593475463105,"l":3510591,"M":true,"q":"4.00000000","s":"ONGBTC","a":2635500,"T":1593475463104,"e":"aggTrade","p":"0.00003239","f":3510591},{"m":false,"E":1593475464172,"l":3510601,"M":true,"q":"46.00000000","s":"ONGBTC","a":2635501,"T":1593475464171,"e":"aggTrade","p":"0.00003239","f":3510592},{"m":true,"E":1593475466965,"l":3510602,"M":true,"q":"13.00000000","s":"ONGBTC","a":2635502,"T":1593475466964,"e":"aggTrade","p":"0.00003239","f":3510602},{"m":false,"E":1593475467541,"l":3510603,"M":true,"q":"12.00000000","s":"ONGBTC","a":2635503,"T":1593475467540,"e":"aggTrade","p":"0.00003240","f":3510603},{"m":true,"E":1593475471842,"l":3510604,"M":true,"q":"30.00000000","s":"ONGBTC","a":2635504,"T":1593475471841,"e":"aggTrade","p":"0.00003240","f":3510604},{"m":true,"E":1593475471842,"l":3510606,"M":true,"q":"10.00000000","s":"ONGBTC","a":2635505,"T":1593475471841,"e":"aggTrade","p":"0.00003239","f":3510605},{"m":true,"E":1593475471842,"l":3510607,"M":true,"q":"138.00000000","s":"ONGBTC","a":2635506,"T":1593475471841,"e":"aggTrade","p":"0.00003234","f":3510607},{"m":true,"E":1593475473133,"l":3510608,"M":true,"q":"40.00000000","s":"ONGBTC","a":2635507,"T":1593475473132,"e":"aggTrade","p":"0.00003234","f":3510608},{"m":false,"E":1593475473147,"l":3510609,"M":true,"q":"6.00000000","s":"ONGBTC","a":2635508,"T":1593475473146,"e":"aggTrade","p":"0.00003232","f":3510609},{"m":true,"E":1593475473958,"l":3510610,"M":true,"q":"749.00000000","s":"ONGBTC","a":2635509,"T":1593475473957,"e":"aggTrade","p":"0.00003229","f":3510610},{"m":true,"E":1593475473958,"l":3510611,"M":true,"q":"4.00000000","s":"ONGBTC","a":2635510,"T":1593475473957,"e":"aggTrade","p":"0.00003228","f":3510611},{"m":true,"E":1593475473958,"l":3510612,"M":true,"q":"12.00000000","s":"ONGBTC","a":2635511,"T":1593475473957,"e":"aggTrade","p":"0.00003227","f":3510612},{"m":true,"E":1593475473958,"l":3510613,"M":true,"q":"2228.00000000","s":"ONGBTC","a":2635512,"T":1593475473957,"e":"aggTrade","p":"0.00003225","f":3510613},{"m":false,"E":1593475474125,"l":3510614,"M":true,"q":"279.00000000","s":"ONGBTC","a":2635513,"T":1593475474124,"e":"aggTrade","p":"0.00003229","f":3510614},{"m":false,"E":1593475475282,"l":3510615,"M":true,"q":"48.00000000","s":"ONGBTC","a":2635514,"T":1593475475281,"e":"aggTrade","p":"0.00003229","f":3510615},{"m":true,"E":1593475481583,"l":3510616,"M":true,"q":"4.00000000","s":"ONGBTC","a":2635515,"T":1593475481582,"e":"aggTrade","p":"0.00003225","f":3510616},{"m":false,"E":1593475481782,"l":3510618,"M":true,"q":"23.00000000","s":"ONGBTC","a":2635516,"T":1593475481781,"e":"aggTrade","p":"0.00003229","f":3510617},{"m":false,"E":1593475481784,"l":3510627,"M":true,"q":"112.00000000","s":"ONGBTC","a":2635517,"T":1593475481783,"e":"aggTrade","p":"0.00003229","f":3510619},{"m":false,"E":1593475482235,"l":3510628,"M":true,"q":"4.00000000","s":"ONGBTC","a":2635518,"T":1593475482233,"e":"aggTrade","p":"0.00003239","f":3510628},{"m":false,"E":1593475482235,"l":3510629,"M":true,"q":"12.00000000","s":"ONGBTC","a":2635519,"T":1593475482233,"e":"aggTrade","p":"0.00003240","f":3510629},{"m":false,"E":1593475482235,"l":3510630,"M":true,"q":"549.00000000","s":"ONGBTC","a":2635520,"T":1593475482233,"e":"aggTrade","p":"0.00003241","f":3510630},{"m":true,"E":1593475482242,"l":3510631,"M":true,"q":"445.00000000","s":"ONGBTC","a":2635521,"T":1593475482241,"e":"aggTrade","p":"0.00003241","f":3510631},{"m":true,"E":1593475484640,"l":3510632,"M":true,"q":"490.00000000","s":"ONGBTC","a":2635522,"T":1593475484639,"e":"aggTrade","p":"0.00003241","f":3510632},{"m":true,"E":1593475487263,"l":3510633,"M":true,"q":"328.00000000","s":"ONGBTC","a":2635523,"T":1593475487262,"e":"aggTrade","p":"0.00003231","f":3510633},{"m":true,"E":1593475487263,"l":3510634,"M":true,"q":"410.00000000","s":"ONGBTC","a":2635524,"T":1593475487262,"e":"aggTrade","p":"0.00003230","f":3510634},{"m":false,"E":1593475487273,"l":3510635,"M":true,"q":"29.00000000","s":"ONGBTC","a":2635525,"T":1593475487272,"e":"aggTrade","p":"0.00003230","f":3510635},{"m":false,"E":1593475487276,"l":3510636,"M":true,"q":"410.00000000","s":"ONGBTC","a":2635526,"T":1593475487274,"e":"aggTrade","p":"0.00003230","f":3510636},{"m":false,"E":1593475487276,"l":3510637,"M":true,"q":"5470.00000000","s":"ONGBTC","a":2635527,"T":1593475487275,"e":"aggTrade","p":"0.00003230","f":3510637},{"m":false,"E":1593475502684,"l":3510638,"M":true,"q":"247.00000000","s":"ONGBTC","a":2635528,"T":1593475502682,"e":"aggTrade","p":"0.00003239","f":3510638},{"m":false,"E":1593475502684,"l":3510639,"M":true,"q":"179.00000000","s":"ONGBTC","a":2635529,"T":1593475502682,"e":"aggTrade","p":"0.00003244","f":3510639},{"m":false,"E":1593475505181,"l":3510640,"M":true,"q":"34.00000000","s":"ONGBTC","a":2635530,"T":1593475505180,"e":"aggTrade","p":"0.00003244","f":3510640},{"m":false,"E":1593475509255,"l":3510641,"M":true,"q":"564.00000000","s":"ONGBTC","a":2635531,"T":1593475509254,"e":"aggTrade","p":"0.00003244","f":3510641},{"m":true,"E":1593475509261,"l":3510642,"M":true,"q":"420.00000000","s":"ONGBTC","a":2635532,"T":1593475509259,"e":"aggTrade","p":"0.00003244","f":3510642},{"m":true,"E":1593475509263,"l":3510643,"M":true,"q":"249.00000000","s":"ONGBTC","a":2635533,"T":1593475509261,"e":"aggTrade","p":"0.00003244","f":3510643}],[{"m":false,"E":1593485911808,"l":3515198,"M":true,"q":"6.00000000","s":"ONGBTC","a":2638280,"T":1593485911807,"e":"aggTrade","p":"0.00002986","f":3515198},{"m":false,"E":1593485912943,"l":3515199,"M":true,"q":"2.00000000","s":"ONGBTC","a":2638281,"T":1593485912941,"e":"aggTrade","p":"0.00002986","f":3515199},{"m":false,"E":1593485912943,"l":3515200,"M":true,"q":"4.00000000","s":"ONGBTC","a":2638282,"T":1593485912941,"e":"aggTrade","p":"0.00002987","f":3515200},{"m":true,"E":1593485933222,"l":3515201,"M":true,"q":"1381.00000000","s":"ONGBTC","a":2638283,"T":1593485933221,"e":"aggTrade","p":"0.00002984","f":3515201},{"m":true,"E":1593485933239,"l":3515202,"M":true,"q":"540.00000000","s":"ONGBTC","a":2638284,"T":1593485933237,"e":"aggTrade","p":"0.00002983","f":3515202},{"m":true,"E":1593485938139,"l":3515203,"M":true,"q":"3069.00000000","s":"ONGBTC","a":2638285,"T":1593485938138,"e":"aggTrade","p":"0.00002981","f":3515203},{"m":true,"E":1593485938185,"l":3515205,"M":true,"q":"705.00000000","s":"ONGBTC","a":2638286,"T":1593485938184,"e":"aggTrade","p":"0.00002979","f":3515204},{"m":true,"E":1593485938291,"l":3515206,"M":true,"q":"6.00000000","s":"ONGBTC","a":2638287,"T":1593485938289,"e":"aggTrade","p":"0.00002978","f":3515206},{"m":true,"E":1593485938445,"l":3515207,"M":true,"q":"134.00000000","s":"ONGBTC","a":2638288,"T":1593485938444,"e":"aggTrade","p":"0.00002977","f":3515207},{"m":true,"E":1593485938453,"l":3515209,"M":true,"q":"1205.00000000","s":"ONGBTC","a":2638289,"T":1593485938451,"e":"aggTrade","p":"0.00002976","f":3515208},{"m":true,"E":1593485938453,"l":3515210,"M":true,"q":"1000.00000000","s":"ONGBTC","a":2638290,"T":1593485938451,"e":"aggTrade","p":"0.00002975","f":3515210},{"m":false,"E":1593485938459,"l":3515211,"M":true,"q":"1.00000000","s":"ONGBTC","a":2638291,"T":1593485938458,"e":"aggTrade","p":"0.00002983","f":3515211},{"m":true,"E":1593485938605,"l":3515212,"M":true,"q":"1000.00000000","s":"ONGBTC","a":2638292,"T":1593485938604,"e":"aggTrade","p":"0.00002974","f":3515212},{"m":true,"E":1593485938605,"l":3515213,"M":true,"q":"13.00000000","s":"ONGBTC","a":2638293,"T":1593485938604,"e":"aggTrade","p":"0.00002973","f":3515213},{"m":true,"E":1593485938684,"l":3515216,"M":true,"q":"5627.00000000","s":"ONGBTC","a":2638294,"T":1593485938682,"e":"aggTrade","p":"0.00002970","f":3515214},{"m":true,"E":1593485938790,"l":3515219,"M":true,"q":"1337.00000000","s":"ONGBTC","a":2638295,"T":1593485938788,"e":"aggTrade","p":"0.00002967","f":3515217},{"m":true,"E":1593485942060,"l":3515220,"M":true,"q":"13.00000000","s":"ONGBTC","a":2638296,"T":1593485942058,"e":"aggTrade","p":"0.00002967","f":3515220},{"m":true,"E":1593485942060,"l":3515222,"M":true,"q":"30.00000000","s":"ONGBTC","a":2638297,"T":1593485942058,"e":"aggTrade","p":"0.00002966","f":3515221},{"m":false,"E":1593485942067,"l":3515229,"M":true,"q":"91.00000000","s":"ONGBTC","a":2638298,"T":1593485942066,"e":"aggTrade","p":"0.00002965","f":3515223},{"m":false,"E":1593485942354,"l":3515230,"M":true,"q":"4.00000000","s":"ONGBTC","a":2638299,"T":1593485942353,"e":"aggTrade","p":"0.00002973","f":3515230},{"m":false,"E":1593485944123,"l":3515231,"M":true,"q":"2.00000000","s":"ONGBTC","a":2638300,"T":1593485944121,"e":"aggTrade","p":"0.00002973","f":3515231},{"m":false,"E":1593485944123,"l":3515233,"M":true,"q":"19.00000000","s":"ONGBTC","a":2638301,"T":1593485944121,"e":"aggTrade","p":"0.00002974","f":3515232},{"m":false,"E":1593485944146,"l":3515234,"M":true,"q":"6.00000000","s":"ONGBTC","a":2638302,"T":1593485944145,"e":"aggTrade","p":"0.00002973","f":3515234},{"m":false,"E":1593485944146,"l":3515236,"M":true,"q":"15.00000000","s":"ONGBTC","a":2638303,"T":1593485944145,"e":"aggTrade","p":"0.00002974","f":3515235},{"m":false,"E":1593485944480,"l":3515246,"M":true,"q":"112.00000000","s":"ONGBTC","a":2638304,"T":1593485944479,"e":"aggTrade","p":"0.00002967","f":3515237},{"m":true,"E":1593485944624,"l":3515247,"M":true,"q":"6.00000000","s":"ONGBTC","a":2638305,"T":1593485944622,"e":"aggTrade","p":"0.00002964","f":3515247},{"m":true,"E":1593485944624,"l":3515248,"M":true,"q":"11.00000000","s":"ONGBTC","a":2638306,"T":1593485944622,"e":"aggTrade","p":"0.00002963","f":3515248},{"m":true,"E":1593485944624,"l":3515249,"M":true,"q":"9.00000000","s":"ONGBTC","a":2638307,"T":1593485944622,"e":"aggTrade","p":"0.00002962","f":3515249},{"m":true,"E":1593485944624,"l":3515250,"M":true,"q":"134.00000000","s":"ONGBTC","a":2638308,"T":1593485944622,"e":"aggTrade","p":"0.00002961","f":3515250},{"m":true,"E":1593485944624,"l":3515252,"M":true,"q":"21.00000000","s":"ONGBTC","a":2638309,"T":1593485944622,"e":"aggTrade","p":"0.00002960","f":3515251},{"m":true,"E":1593485944624,"l":3515253,"M":true,"q":"151.00000000","s":"ONGBTC","a":2638310,"T":1593485944622,"e":"aggTrade","p":"0.00002958","f":3515253},{"m":true,"E":1593485945502,"l":3515254,"M":true,"q":"6.00000000","s":"ONGBTC","a":2638311,"T":1593485945497,"e":"aggTrade","p":"0.00002961","f":3515254},{"m":false,"E":1593485945509,"l":3515255,"M":true,"q":"432.00000000","s":"ONGBTC","a":2638312,"T":1593485945508,"e":"aggTrade","p":"0.00002961","f":3515255},{"m":true,"E":1593485945631,"l":3515256,"M":true,"q":"29.00000000","s":"ONGBTC","a":2638313,"T":1593485945629,"e":"aggTrade","p":"0.00002960","f":3515256},{"m":false,"E":1593485949715,"l":3515257,"M":true,"q":"34.00000000","s":"ONGBTC","a":2638314,"T":1593485949714,"e":"aggTrade","p":"0.00002960","f":3515257},{"m":false,"E":1593485949731,"l":3515258,"M":true,"q":"28.00000000","s":"ONGBTC","a":2638315,"T":1593485949730,"e":"aggTrade","p":"0.00002960","f":3515258},{"m":false,"E":1593485949823,"l":3515259,"M":true,"q":"47.00000000","s":"ONGBTC","a":2638316,"T":1593485949822,"e":"aggTrade","p":"0.00002960","f":3515259},{"m":false,"E":1593485949825,"l":3515260,"M":true,"q":"200.00000000","s":"ONGBTC","a":2638317,"T":1593485949824,"e":"aggTrade","p":"0.00002960","f":3515260},{"m":true,"E":1593485950039,"l":3515261,"M":true,"q":"295.00000000","s":"ONGBTC","a":2638318,"T":1593485950038,"e":"aggTrade","p":"0.00002959","f":3515261},{"m":true,"E":1593485950051,"l":3515263,"M":true,"q":"2059.00000000","s":"ONGBTC","a":2638319,"T":1593485950050,"e":"aggTrade","p":"0.00002959","f":3515262},{"m":true,"E":1593485950060,"l":3515265,"M":true,"q":"326.00000000","s":"ONGBTC","a":2638320,"T":1593485950058,"e":"aggTrade","p":"0.00002958","f":3515264},{"m":true,"E":1593485950075,"l":3515266,"M":true,"q":"26.00000000","s":"ONGBTC","a":2638321,"T":1593485950074,"e":"aggTrade","p":"0.00002956","f":3515266},{"m":true,"E":1593485950084,"l":3515268,"M":true,"q":"77.00000000","s":"ONGBTC","a":2638322,"T":1593485950083,"e":"aggTrade","p":"0.00002955","f":3515267},{"m":true,"E":1593485950097,"l":3515269,"M":true,"q":"13.00000000","s":"ONGBTC","a":2638323,"T":1593485950095,"e":"aggTrade","p":"0.00002954","f":3515269},{"m":true,"E":1593485950097,"l":3515270,"M":true,"q":"246.00000000","s":"ONGBTC","a":2638324,"T":1593485950095,"e":"aggTrade","p":"0.00002953","f":3515270},{"m":true,"E":1593485950104,"l":3515271,"M":true,"q":"1717.00000000","s":"ONGBTC","a":2638325,"T":1593485950103,"e":"aggTrade","p":"0.00002953","f":3515271},{"m":true,"E":1593485951178,"l":3515272,"M":true,"q":"30.00000000","s":"ONGBTC","a":2638326,"T":1593485951177,"e":"aggTrade","p":"0.00002959","f":3515272},{"m":true,"E":1593485960712,"l":3515274,"M":true,"q":"454.00000000","s":"ONGBTC","a":2638327,"T":1593485960711,"e":"aggTrade","p":"0.00002953","f":3515273},{"m":true,"E":1593485960714,"l":3515276,"M":true,"q":"277.00000000","s":"ONGBTC","a":2638328,"T":1593485960713,"e":"aggTrade","p":"0.00002952","f":3515275},{"m":true,"E":1593485960715,"l":3515278,"M":true,"q":"34.00000000","s":"ONGBTC","a":2638329,"T":1593485960713,"e":"aggTrade","p":"0.00002951","f":3515277},{"m":true,"E":1593485960715,"l":3515279,"M":true,"q":"11.00000000","s":"ONGBTC","a":2638330,"T":1593485960713,"e":"aggTrade","p":"0.00002949","f":3515279},{"m":true,"E":1593485960715,"l":3515280,"M":true,"q":"8.00000000","s":"ONGBTC","a":2638331,"T":1593485960713,"e":"aggTrade","p":"0.00002948","f":3515280},{"m":true,"E":1593485960715,"l":3515281,"M":true,"q":"13.00000000","s":"ONGBTC","a":2638332,"T":1593485960713,"e":"aggTrade","p":"0.00002947","f":3515281},{"m":true,"E":1593485960715,"l":3515284,"M":true,"q":"406.00000000","s":"ONGBTC","a":2638333,"T":1593485960713,"e":"aggTrade","p":"0.00002946","f":3515282},{"m":true,"E":1593485960715,"l":3515291,"M":true,"q":"4594.00000000","s":"ONGBTC","a":2638334,"T":1593485960713,"e":"aggTrade","p":"0.00002945","f":3515285},{"m":true,"E":1593485960720,"l":3515292,"M":true,"q":"468.00000000","s":"ONGBTC","a":2638335,"T":1593485960719,"e":"aggTrade","p":"0.00002945","f":3515292},{"m":true,"E":1593485960759,"l":3515295,"M":true,"q":"594.00000000","s":"ONGBTC","a":2638336,"T":1593485960757,"e":"aggTrade","p":"0.00002944","f":3515293},{"m":true,"E":1593485960759,"l":3515298,"M":true,"q":"5406.00000000","s":"ONGBTC","a":2638337,"T":1593485960757,"e":"aggTrade","p":"0.00002943","f":3515296},{"m":false,"E":1593485960903,"l":3515299,"M":true,"q":"6.00000000","s":"ONGBTC","a":2638338,"T":1593485960901,"e":"aggTrade","p":"0.00002952","f":3515299},{"m":false,"E":1593485960903,"l":3515300,"M":true,"q":"410.00000000","s":"ONGBTC","a":2638339,"T":1593485960901,"e":"aggTrade","p":"0.00002953","f":3515300},{"m":false,"E":1593485960903,"l":3515301,"M":true,"q":"36.00000000","s":"ONGBTC","a":2638340,"T":1593485960901,"e":"aggTrade","p":"0.00002959","f":3515301},{"m":false,"E":1593485962554,"l":3515302,"M":true,"q":"6.00000000","s":"ONGBTC","a":2638341,"T":1593485962553,"e":"aggTrade","p":"0.00002954","f":3515302},{"m":false,"E":1593485962554,"l":3515303,"M":true,"q":"4.00000000","s":"ONGBTC","a":2638342,"T":1593485962553,"e":"aggTrade","p":"0.00002955","f":3515303},{"m":true,"E":1593485962562,"l":3515304,"M":true,"q":"20.00000000","s":"ONGBTC","a":2638343,"T":1593485962561,"e":"aggTrade","p":"0.00002956","f":3515304},{"m":true,"E":1593485962587,"l":3515305,"M":true,"q":"6.00000000","s":"ONGBTC","a":2638344,"T":1593485962586,"e":"aggTrade","p":"0.00002947","f":3515305},{"m":true,"E":1593485962587,"l":3515306,"M":true,"q":"494.00000000","s":"ONGBTC","a":2638345,"T":1593485962586,"e":"aggTrade","p":"0.00002943","f":3515306},{"m":true,"E":1593485963840,"l":3515307,"M":true,"q":"6.00000000","s":"ONGBTC","a":2638346,"T":1593485963838,"e":"aggTrade","p":"0.00002944","f":3515307},{"m":true,"E":1593485963840,"l":3515310,"M":true,"q":"1037.00000000","s":"ONGBTC","a":2638347,"T":1593485963838,"e":"aggTrade","p":"0.00002943","f":3515308},{"m":true,"E":1593485963840,"l":3515312,"M":true,"q":"5498.00000000","s":"ONGBTC","a":2638348,"T":1593485963838,"e":"aggTrade","p":"0.00002942","f":3515311},{"m":true,"E":1593485963984,"l":3515314,"M":true,"q":"22.00000000","s":"ONGBTC","a":2638349,"T":1593485963983,"e":"aggTrade","p":"0.00002941","f":3515313},{"m":true,"E":1593485963987,"l":3515320,"M":true,"q":"435.00000000","s":"ONGBTC","a":2638350,"T":1593485963986,"e":"aggTrade","p":"0.00002940","f":3515315},{"m":true,"E":1593485963988,"l":3515321,"M":true,"q":"4.00000000","s":"ONGBTC","a":2638351,"T":1593485963986,"e":"aggTrade","p":"0.00002940","f":3515321},{"m":true,"E":1593485963988,"l":3515324,"M":true,"q":"402.00000000","s":"ONGBTC","a":2638352,"T":1593485963986,"e":"aggTrade","p":"0.00002940","f":3515322},{"m":false,"E":1593485964245,"l":3515325,"M":true,"q":"24.00000000","s":"ONGBTC","a":2638353,"T":1593485964244,"e":"aggTrade","p":"0.00002947","f":3515325},{"m":false,"E":1593485964343,"l":3515328,"M":true,"q":"6075.00000000","s":"ONGBTC","a":2638354,"T":1593485964342,"e":"aggTrade","p":"0.00002947","f":3515326},{"m":false,"E":1593485964745,"l":3515329,"M":true,"q":"6.00000000","s":"ONGBTC","a":2638355,"T":1593485964744,"e":"aggTrade","p":"0.00002948","f":3515329},{"m":false,"E":1593485965118,"l":3515330,"M":true,"q":"6.00000000","s":"ONGBTC","a":2638356,"T":1593485965117,"e":"aggTrade","p":"0.00002949","f":3515330},{"m":false,"E":1593485965148,"l":3515331,"M":true,"q":"139.00000000","s":"ONGBTC","a":2638357,"T":1593485965146,"e":"aggTrade","p":"0.00002949","f":3515331},{"m":false,"E":1593485965148,"l":3515341,"M":true,"q":"83.00000000","s":"ONGBTC","a":2638358,"T":1593485965146,"e":"aggTrade","p":"0.00002950","f":3515332},{"m":false,"E":1593485965148,"l":3515343,"M":true,"q":"773.00000000","s":"ONGBTC","a":2638359,"T":1593485965146,"e":"aggTrade","p":"0.00002954","f":3515342},{"m":false,"E":1593485966412,"l":3515344,"M":true,"q":"13.00000000","s":"ONGBTC","a":2638360,"T":1593485966411,"e":"aggTrade","p":"0.00002953","f":3515344},{"m":false,"E":1593485966424,"l":3515345,"M":true,"q":"589.00000000","s":"ONGBTC","a":2638361,"T":1593485966423,"e":"aggTrade","p":"0.00002954","f":3515345},{"m":false,"E":1593485966431,"l":3515346,"M":true,"q":"588.00000000","s":"ONGBTC","a":2638362,"T":1593485966430,"e":"aggTrade","p":"0.00002954","f":3515346},{"m":false,"E":1593485966431,"l":3515347,"M":true,"q":"21.00000000","s":"ONGBTC","a":2638363,"T":1593485966430,"e":"aggTrade","p":"0.00002955","f":3515347},{"m":false,"E":1593485966495,"l":3515348,"M":true,"q":"9.00000000","s":"ONGBTC","a":2638364,"T":1593485966494,"e":"aggTrade","p":"0.00002957","f":3515348},{"m":false,"E":1593485966507,"l":3515350,"M":true,"q":"884.00000000","s":"ONGBTC","a":2638365,"T":1593485966506,"e":"aggTrade","p":"0.00002959","f":3515349},{"m":false,"E":1593485966519,"l":3515351,"M":true,"q":"10.00000000","s":"ONGBTC","a":2638366,"T":1593485966518,"e":"aggTrade","p":"0.00002960","f":3515351},{"m":false,"E":1593485966519,"l":3515352,"M":true,"q":"26.00000000","s":"ONGBTC","a":2638367,"T":1593485966518,"e":"aggTrade","p":"0.00002961","f":3515352},{"m":true,"E":1593485967561,"l":3515353,"M":true,"q":"6.00000000","s":"ONGBTC","a":2638368,"T":1593485967560,"e":"aggTrade","p":"0.00002948","f":3515353},{"m":true,"E":1593485967561,"l":3515354,"M":true,"q":"4227.00000000","s":"ONGBTC","a":2638369,"T":1593485967560,"e":"aggTrade","p":"0.00002947","f":3515354},{"m":true,"E":1593485970458,"l":3515355,"M":true,"q":"6.00000000","s":"ONGBTC","a":2638370,"T":1593485970456,"e":"aggTrade","p":"0.00002954","f":3515355},{"m":true,"E":1593485970458,"l":3515356,"M":true,"q":"129.00000000","s":"ONGBTC","a":2638371,"T":1593485970456,"e":"aggTrade","p":"0.00002953","f":3515356},{"m":false,"E":1593485970991,"l":3515357,"M":true,"q":"6.00000000","s":"ONGBTC","a":2638372,"T":1593485970990,"e":"aggTrade","p":"0.00002963","f":3515357},{"m":false,"E":1593485970991,"l":3515358,"M":true,"q":"11.00000000","s":"ONGBTC","a":2638373,"T":1593485970990,"e":"aggTrade","p":"0.00002964","f":3515358},{"m":false,"E":1593485970991,"l":3515361,"M":true,"q":"25.00000000","s":"ONGBTC","a":2638374,"T":1593485970990,"e":"aggTrade","p":"0.00002966","f":3515359},{"m":false,"E":1593485970991,"l":3515363,"M":true,"q":"823.00000000","s":"ONGBTC","a":2638375,"T":1593485970990,"e":"aggTrade","p":"0.00002967","f":3515362},{"m":true,"E":1593485972263,"l":3515364,"M":true,"q":"6.00000000","s":"ONGBTC","a":2638376,"T":1593485972262,"e":"aggTrade","p":"0.00002956","f":3515364},{"m":true,"E":1593485972263,"l":3515365,"M":true,"q":"4.00000000","s":"ONGBTC","a":2638377,"T":1593485972262,"e":"aggTrade","p":"0.00002955","f":3515365},{"m":true,"E":1593485972263,"l":3515366,"M":true,"q":"135.00000000","s":"ONGBTC","a":2638378,"T":1593485972262,"e":"aggTrade","p":"0.00002953","f":3515366},{"m":false,"E":1593485977704,"l":3515367,"M":true,"q":"51.00000000","s":"ONGBTC","a":2638379,"T":1593485977703,"e":"aggTrade","p":"0.00002959","f":3515367},{"m":false,"E":1593485977900,"l":3515368,"M":true,"q":"339.00000000","s":"ONGBTC","a":2638380,"T":1593485977899,"e":"aggTrade","p":"0.00002961","f":3515368},{"m":false,"E":1593485978201,"l":3515369,"M":true,"q":"6.00000000","s":"ONGBTC","a":2638381,"T":1593485978199,"e":"aggTrade","p":"0.00002964","f":3515369},{"m":false,"E":1593485978251,"l":3515370,"M":true,"q":"6.00000000","s":"ONGBTC","a":2638382,"T":1593485978250,"e":"aggTrade","p":"0.00002965","f":3515370},{"m":false,"E":1593485978366,"l":3515371,"M":true,"q":"4.00000000","s":"ONGBTC","a":2638383,"T":1593485978365,"e":"aggTrade","p":"0.00002966","f":3515371},{"m":false,"E":1593485979448,"l":3515372,"M":true,"q":"1066.00000000","s":"ONGBTC","a":2638384,"T":1593485979447,"e":"aggTrade","p":"0.00002967","f":3515372},{"m":true,"E":1593485980327,"l":3515374,"M":true,"q":"399.00000000","s":"ONGBTC","a":2638385,"T":1593485980326,"e":"aggTrade","p":"0.00002957","f":3515373},{"m":false,"E":1593485985714,"l":3515375,"M":true,"q":"9.00000000","s":"ONGBTC","a":2638386,"T":1593485985713,"e":"aggTrade","p":"0.00002964","f":3515375},{"m":true,"E":1593485987389,"l":3515376,"M":true,"q":"337.00000000","s":"ONGBTC","a":2638387,"T":1593485987388,"e":"aggTrade","p":"0.00002959","f":3515376},{"m":true,"E":1593485988520,"l":3515377,"M":true,"q":"207.00000000","s":"ONGBTC","a":2638388,"T":1593485988519,"e":"aggTrade","p":"0.00002959","f":3515377},{"m":false,"E":1593485988885,"l":3515378,"M":true,"q":"25.00000000","s":"ONGBTC","a":2638389,"T":1593485988884,"e":"aggTrade","p":"0.00002965","f":3515378},{"m":false,"E":1593485990535,"l":3515379,"M":true,"q":"1.00000000","s":"ONGBTC","a":2638390,"T":1593485990534,"e":"aggTrade","p":"0.00002964","f":3515379},{"m":false,"E":1593485990614,"l":3515380,"M":true,"q":"8.00000000","s":"ONGBTC","a":2638391,"T":1593485990612,"e":"aggTrade","p":"0.00002964","f":3515380},{"m":false,"E":1593485992606,"l":3515383,"M":true,"q":"2748.00000000","s":"ONGBTC","a":2638392,"T":1593485992604,"e":"aggTrade","p":"0.00002963","f":3515381},{"m":false,"E":1593485998583,"l":3515384,"M":true,"q":"24.00000000","s":"ONGBTC","a":2638393,"T":1593485998582,"e":"aggTrade","p":"0.00002961","f":3515384},{"m":false,"E":1593486002164,"l":3515385,"M":true,"q":"230.00000000","s":"ONGBTC","a":2638394,"T":1593486002163,"e":"aggTrade","p":"0.00002961","f":3515385},{"m":true,"E":1593486006550,"l":3515388,"M":true,"q":"267.00000000","s":"ONGBTC","a":2638395,"T":1593486006549,"e":"aggTrade","p":"0.00002958","f":3515386},{"m":false,"E":1593486009936,"l":3515390,"M":true,"q":"1642.00000000","s":"ONGBTC","a":2638396,"T":1593486009935,"e":"aggTrade","p":"0.00002961","f":3515389},{"m":false,"E":1593486014218,"l":3515391,"M":true,"q":"6.00000000","s":"ONGBTC","a":2638397,"T":1593486014217,"e":"aggTrade","p":"0.00002964","f":3515391},{"m":false,"E":1593486014218,"l":3515392,"M":true,"q":"11.00000000","s":"ONGBTC","a":2638398,"T":1593486014217,"e":"aggTrade","p":"0.00002965","f":3515392},{"m":false,"E":1593486014218,"l":3515394,"M":true,"q":"50.00000000","s":"ONGBTC","a":2638399,"T":1593486014217,"e":"aggTrade","p":"0.00002968","f":3515393}],[{"m":false,"E":1593487084397,"l":3516202,"M":true,"q":"90.00000000","s":"ONGBTC","a":2638768,"T":1593487084396,"e":"aggTrade","p":"0.00003037","f":3516202},{"m":false,"E":1593487084399,"l":3516211,"M":true,"q":"1483.00000000","s":"ONGBTC","a":2638769,"T":1593487084398,"e":"aggTrade","p":"0.00003037","f":3516203},{"m":false,"E":1593487084415,"l":3516214,"M":true,"q":"509.00000000","s":"ONGBTC","a":2638770,"T":1593487084414,"e":"aggTrade","p":"0.00003038","f":3516212},{"m":true,"E":1593487084442,"l":3516215,"M":true,"q":"437.00000000","s":"ONGBTC","a":2638771,"T":1593487084441,"e":"aggTrade","p":"0.00003035","f":3516215},{"m":true,"E":1593487084521,"l":3516216,"M":true,"q":"740.00000000","s":"ONGBTC","a":2638772,"T":1593487084520,"e":"aggTrade","p":"0.00003035","f":3516216},{"m":false,"E":1593487108199,"l":3516217,"M":true,"q":"1.00000000","s":"ONGBTC","a":2638773,"T":1593487108198,"e":"aggTrade","p":"0.00003038","f":3516217},{"m":true,"E":1593487128478,"l":3516218,"M":true,"q":"1177.00000000","s":"ONGBTC","a":2638774,"T":1593487128476,"e":"aggTrade","p":"0.00003035","f":3516218},{"m":true,"E":1593487128480,"l":3516219,"M":true,"q":"1846.00000000","s":"ONGBTC","a":2638775,"T":1593487128479,"e":"aggTrade","p":"0.00003035","f":3516219},{"m":true,"E":1593487128483,"l":3516220,"M":true,"q":"1596.00000000","s":"ONGBTC","a":2638776,"T":1593487128481,"e":"aggTrade","p":"0.00003035","f":3516220},{"m":true,"E":1593487128685,"l":3516221,"M":true,"q":"71.00000000","s":"ONGBTC","a":2638777,"T":1593487128683,"e":"aggTrade","p":"0.00003035","f":3516221},{"m":false,"E":1593487144079,"l":3516222,"M":true,"q":"703.00000000","s":"ONGBTC","a":2638778,"T":1593487144078,"e":"aggTrade","p":"0.00003038","f":3516222},{"m":true,"E":1593487144928,"l":3516223,"M":true,"q":"1324.00000000","s":"ONGBTC","a":2638779,"T":1593487144927,"e":"aggTrade","p":"0.00003035","f":3516223},{"m":true,"E":1593487144928,"l":3516224,"M":true,"q":"3362.00000000","s":"ONGBTC","a":2638780,"T":1593487144927,"e":"aggTrade","p":"0.00003034","f":3516224},{"m":true,"E":1593487152307,"l":3516225,"M":true,"q":"1044.00000000","s":"ONGBTC","a":2638781,"T":1593487152306,"e":"aggTrade","p":"0.00003033","f":3516225},{"m":true,"E":1593487152547,"l":3516226,"M":true,"q":"956.00000000","s":"ONGBTC","a":2638782,"T":1593487152546,"e":"aggTrade","p":"0.00003033","f":3516226},{"m":false,"E":1593487153616,"l":3516227,"M":true,"q":"92.00000000","s":"ONGBTC","a":2638783,"T":1593487153615,"e":"aggTrade","p":"0.00003034","f":3516227},{"m":true,"E":1593487157057,"l":3516228,"M":true,"q":"66.00000000","s":"ONGBTC","a":2638784,"T":1593487157056,"e":"aggTrade","p":"0.00003032","f":3516228},{"m":true,"E":1593487172876,"l":3516229,"M":true,"q":"123.00000000","s":"ONGBTC","a":2638785,"T":1593487172875,"e":"aggTrade","p":"0.00003032","f":3516229},{"m":true,"E":1593487173482,"l":3516230,"M":true,"q":"103.00000000","s":"ONGBTC","a":2638786,"T":1593487173480,"e":"aggTrade","p":"0.00003032","f":3516230},{"m":true,"E":1593487174535,"l":3516231,"M":true,"q":"1170.00000000","s":"ONGBTC","a":2638787,"T":1593487174534,"e":"aggTrade","p":"0.00003032","f":3516231},{"m":true,"E":1593487174576,"l":3516234,"M":true,"q":"3636.00000000","s":"ONGBTC","a":2638788,"T":1593487174575,"e":"aggTrade","p":"0.00003031","f":3516232},{"m":true,"E":1593487174576,"l":3516235,"M":true,"q":"5529.00000000","s":"ONGBTC","a":2638789,"T":1593487174575,"e":"aggTrade","p":"0.00003030","f":3516235},{"m":true,"E":1593487174586,"l":3516236,"M":true,"q":"46.00000000","s":"ONGBTC","a":2638790,"T":1593487174584,"e":"aggTrade","p":"0.00003030","f":3516236},{"m":true,"E":1593487174639,"l":3516237,"M":true,"q":"6.00000000","s":"ONGBTC","a":2638791,"T":1593487174638,"e":"aggTrade","p":"0.00003026","f":3516237},{"m":true,"E":1593487174649,"l":3516238,"M":true,"q":"12.00000000","s":"ONGBTC","a":2638792,"T":1593487174648,"e":"aggTrade","p":"0.00003025","f":3516238},{"m":true,"E":1593487174649,"l":3516239,"M":true,"q":"32.00000000","s":"ONGBTC","a":2638793,"T":1593487174648,"e":"aggTrade","p":"0.00003024","f":3516239},{"m":false,"E":1593487174655,"l":3516240,"M":true,"q":"5837.00000000","s":"ONGBTC","a":2638794,"T":1593487174654,"e":"aggTrade","p":"0.00003028","f":3516240},{"m":true,"E":1593487175532,"l":3516241,"M":true,"q":"4.00000000","s":"ONGBTC","a":2638795,"T":1593487175530,"e":"aggTrade","p":"0.00003021","f":3516241},{"m":true,"E":1593487175532,"l":3516243,"M":true,"q":"508.00000000","s":"ONGBTC","a":2638796,"T":1593487175530,"e":"aggTrade","p":"0.00003020","f":3516242}],[{"m":true,"E":1593489439151,"l":3516865,"M":true,"q":"441.00000000","s":"ONGBTC","a":2639266,"T":1593489439151,"e":"aggTrade","p":"0.00002948","f":3516865},{"m":true,"E":1593489442205,"l":3516866,"M":true,"q":"441.00000000","s":"ONGBTC","a":2639267,"T":1593489442204,"e":"aggTrade","p":"0.00002948","f":3516866},{"m":true,"E":1593489444143,"l":3516867,"M":true,"q":"509.00000000","s":"ONGBTC","a":2639268,"T":1593489444142,"e":"aggTrade","p":"0.00002949","f":3516867},{"m":true,"E":1593489452167,"l":3516868,"M":true,"q":"204.00000000","s":"ONGBTC","a":2639269,"T":1593489452166,"e":"aggTrade","p":"0.00002949","f":3516868},{"m":true,"E":1593489461448,"l":3516869,"M":true,"q":"1177.00000000","s":"ONGBTC","a":2639270,"T":1593489461447,"e":"aggTrade","p":"0.00002949","f":3516869},{"m":true,"E":1593489470590,"l":3516870,"M":true,"q":"295.00000000","s":"ONGBTC","a":2639271,"T":1593489470589,"e":"aggTrade","p":"0.00002948","f":3516870},{"m":true,"E":1593489470590,"l":3516871,"M":true,"q":"961.00000000","s":"ONGBTC","a":2639272,"T":1593489470589,"e":"aggTrade","p":"0.00002947","f":3516871},{"m":true,"E":1593489470602,"l":3516873,"M":true,"q":"1570.00000000","s":"ONGBTC","a":2639273,"T":1593489470601,"e":"aggTrade","p":"0.00002946","f":3516872},{"m":true,"E":1593489470742,"l":3516874,"M":true,"q":"2324.00000000","s":"ONGBTC","a":2639274,"T":1593489470740,"e":"aggTrade","p":"0.00002945","f":3516874},{"m":true,"E":1593489470819,"l":3516875,"M":true,"q":"2344.00000000","s":"ONGBTC","a":2639275,"T":1593489470818,"e":"aggTrade","p":"0.00002944","f":3516875},{"m":true,"E":1593489470833,"l":3516877,"M":true,"q":"1822.00000000","s":"ONGBTC","a":2639276,"T":1593489470832,"e":"aggTrade","p":"0.00002944","f":3516876},{"m":true,"E":1593489470841,"l":3516878,"M":true,"q":"574.00000000","s":"ONGBTC","a":2639277,"T":1593489470840,"e":"aggTrade","p":"0.00002941","f":3516878},{"m":true,"E":1593489470846,"l":3516879,"M":true,"q":"1114.00000000","s":"ONGBTC","a":2639278,"T":1593489470843,"e":"aggTrade","p":"0.00002941","f":3516879},{"m":true,"E":1593489470852,"l":3516880,"M":true,"q":"574.00000000","s":"ONGBTC","a":2639279,"T":1593489470848,"e":"aggTrade","p":"0.00002941","f":3516880},{"m":true,"E":1593489470853,"l":3516881,"M":true,"q":"286.00000000","s":"ONGBTC","a":2639280,"T":1593489470849,"e":"aggTrade","p":"0.00002941","f":3516881},{"m":true,"E":1593489470854,"l":3516884,"M":true,"q":"3389.00000000","s":"ONGBTC","a":2639281,"T":1593489470850,"e":"aggTrade","p":"0.00002941","f":3516882},{"m":true,"E":1593489470854,"l":3516886,"M":true,"q":"338.00000000","s":"ONGBTC","a":2639282,"T":1593489470852,"e":"aggTrade","p":"0.00002940","f":3516885},{"m":true,"E":1593489470865,"l":3516887,"M":true,"q":"69.00000000","s":"ONGBTC","a":2639283,"T":1593489470864,"e":"aggTrade","p":"0.00002940","f":3516887},{"m":true,"E":1593489470880,"l":3516889,"M":true,"q":"73.00000000","s":"ONGBTC","a":2639284,"T":1593489470879,"e":"aggTrade","p":"0.00002939","f":3516888},{"m":true,"E":1593489470880,"l":3516893,"M":true,"q":"1120.00000000","s":"ONGBTC","a":2639285,"T":1593489470879,"e":"aggTrade","p":"0.00002938","f":3516890},{"m":true,"E":1593489470880,"l":3516894,"M":true,"q":"742.00000000","s":"ONGBTC","a":2639286,"T":1593489470879,"e":"aggTrade","p":"0.00002938","f":3516894},{"m":true,"E":1593489470881,"l":3516896,"M":true,"q":"80.00000000","s":"ONGBTC","a":2639287,"T":1593489470879,"e":"aggTrade","p":"0.00002937","f":3516895},{"m":true,"E":1593489470895,"l":3516901,"M":true,"q":"261.00000000","s":"ONGBTC","a":2639288,"T":1593489470894,"e":"aggTrade","p":"0.00002936","f":3516897},{"m":true,"E":1593489470902,"l":3516905,"M":true,"q":"10401.00000000","s":"ONGBTC","a":2639289,"T":1593489470901,"e":"aggTrade","p":"0.00002935","f":3516902},{"m":true,"E":1593489470910,"l":3516907,"M":true,"q":"162.00000000","s":"ONGBTC","a":2639290,"T":1593489470909,"e":"aggTrade","p":"0.00002934","f":3516906},{"m":true,"E":1593489470926,"l":3516908,"M":true,"q":"4.00000000","s":"ONGBTC","a":2639291,"T":1593489470924,"e":"aggTrade","p":"0.00002933","f":3516908},{"m":true,"E":1593489470948,"l":3516909,"M":true,"q":"9.00000000","s":"ONGBTC","a":2639292,"T":1593489470946,"e":"aggTrade","p":"0.00002931","f":3516909},{"m":true,"E":1593489470948,"l":3516911,"M":true,"q":"84.00000000","s":"ONGBTC","a":2639293,"T":1593489470946,"e":"aggTrade","p":"0.00002930","f":3516910},{"m":true,"E":1593489470948,"l":3516912,"M":true,"q":"371.00000000","s":"ONGBTC","a":2639294,"T":1593489470946,"e":"aggTrade","p":"0.00002929","f":3516912},{"m":true,"E":1593489470948,"l":3516918,"M":true,"q":"592.00000000","s":"ONGBTC","a":2639295,"T":1593489470946,"e":"aggTrade","p":"0.00002928","f":3516913},{"m":true,"E":1593489470948,"l":3516919,"M":true,"q":"26.00000000","s":"ONGBTC","a":2639296,"T":1593489470946,"e":"aggTrade","p":"0.00002927","f":3516919},{"m":true,"E":1593489470948,"l":3516920,"M":true,"q":"52.00000000","s":"ONGBTC","a":2639297,"T":1593489470946,"e":"aggTrade","p":"0.00002926","f":3516920},{"m":true,"E":1593489470948,"l":3516922,"M":true,"q":"350.00000000","s":"ONGBTC","a":2639298,"T":1593489470946,"e":"aggTrade","p":"0.00002925","f":3516921},{"m":true,"E":1593489470949,"l":3516924,"M":true,"q":"448.00000000","s":"ONGBTC","a":2639299,"T":1593489470946,"e":"aggTrade","p":"0.00002925","f":3516923},{"m":true,"E":1593489470949,"l":3516926,"M":true,"q":"88.00000000","s":"ONGBTC","a":2639300,"T":1593489470946,"e":"aggTrade","p":"0.00002924","f":3516925},{"m":true,"E":1593489470949,"l":3516931,"M":true,"q":"1258.00000000","s":"ONGBTC","a":2639301,"T":1593489470946,"e":"aggTrade","p":"0.00002924","f":3516927},{"m":true,"E":1593489470949,"l":3516932,"M":true,"q":"573.00000000","s":"ONGBTC","a":2639302,"T":1593489470946,"e":"aggTrade","p":"0.00002924","f":3516932},{"m":true,"E":1593489470962,"l":3516933,"M":true,"q":"5561.00000000","s":"ONGBTC","a":2639303,"T":1593489470959,"e":"aggTrade","p":"0.00002924","f":3516933},{"m":true,"E":1593489471014,"l":3516934,"M":true,"q":"28.00000000","s":"ONGBTC","a":2639304,"T":1593489471013,"e":"aggTrade","p":"0.00002924","f":3516934},{"m":false,"E":1593489471160,"l":3516936,"M":true,"q":"399.00000000","s":"ONGBTC","a":2639305,"T":1593489471159,"e":"aggTrade","p":"0.00002928","f":3516935},{"m":false,"E":1593489471208,"l":3516937,"M":true,"q":"214.00000000","s":"ONGBTC","a":2639306,"T":1593489471207,"e":"aggTrade","p":"0.00002928","f":3516937},{"m":false,"E":1593489472168,"l":3516938,"M":true,"q":"205.00000000","s":"ONGBTC","a":2639307,"T":1593489472167,"e":"aggTrade","p":"0.00002928","f":3516938},{"m":false,"E":1593489472256,"l":3516939,"M":true,"q":"628.00000000","s":"ONGBTC","a":2639308,"T":1593489472255,"e":"aggTrade","p":"0.00002928","f":3516939},{"m":true,"E":1593489472909,"l":3516944,"M":true,"q":"78.00000000","s":"ONGBTC","a":2639309,"T":1593489472908,"e":"aggTrade","p":"0.00002922","f":3516940},{"m":false,"E":1593489472921,"l":3516945,"M":true,"q":"65.00000000","s":"ONGBTC","a":2639310,"T":1593489472920,"e":"aggTrade","p":"0.00002922","f":3516945},{"m":true,"E":1593489473281,"l":3516946,"M":true,"q":"174.00000000","s":"ONGBTC","a":2639311,"T":1593489473280,"e":"aggTrade","p":"0.00002921","f":3516946},{"m":true,"E":1593489473712,"l":3516947,"M":true,"q":"107.00000000","s":"ONGBTC","a":2639312,"T":1593489473710,"e":"aggTrade","p":"0.00002921","f":3516947},{"m":true,"E":1593489473712,"l":3516950,"M":true,"q":"686.00000000","s":"ONGBTC","a":2639313,"T":1593489473710,"e":"aggTrade","p":"0.00002920","f":3516948},{"m":true,"E":1593489473712,"l":3516951,"M":true,"q":"85.00000000","s":"ONGBTC","a":2639314,"T":1593489473710,"e":"aggTrade","p":"0.00002919","f":3516951},{"m":true,"E":1593489473712,"l":3516952,"M":true,"q":"755.00000000","s":"ONGBTC","a":2639315,"T":1593489473710,"e":"aggTrade","p":"0.00002919","f":3516952},{"m":true,"E":1593489473712,"l":3516953,"M":true,"q":"6660.00000000","s":"ONGBTC","a":2639316,"T":1593489473710,"e":"aggTrade","p":"0.00002919","f":3516953},{"m":true,"E":1593489473712,"l":3516954,"M":true,"q":"7977.00000000","s":"ONGBTC","a":2639317,"T":1593489473710,"e":"aggTrade","p":"0.00002919","f":3516954},{"m":false,"E":1593489473726,"l":3516955,"M":true,"q":"30.00000000","s":"ONGBTC","a":2639318,"T":1593489473725,"e":"aggTrade","p":"0.00002928","f":3516955},{"m":true,"E":1593489475107,"l":3516956,"M":true,"q":"103.00000000","s":"ONGBTC","a":2639319,"T":1593489475106,"e":"aggTrade","p":"0.00002919","f":3516956},{"m":false,"E":1593489475248,"l":3516957,"M":true,"q":"57.00000000","s":"ONGBTC","a":2639320,"T":1593489475247,"e":"aggTrade","p":"0.00002928","f":3516957},{"m":false,"E":1593489476510,"l":3516958,"M":true,"q":"96.00000000","s":"ONGBTC","a":2639321,"T":1593489476510,"e":"aggTrade","p":"0.00002928","f":3516958},{"m":true,"E":1593489478516,"l":3516959,"M":true,"q":"39.00000000","s":"ONGBTC","a":2639322,"T":1593489478515,"e":"aggTrade","p":"0.00002919","f":3516959},{"m":true,"E":1593489481363,"l":3516960,"M":true,"q":"30.00000000","s":"ONGBTC","a":2639323,"T":1593489481362,"e":"aggTrade","p":"0.00002925","f":3516960},{"m":false,"E":1593489482934,"l":3516961,"M":true,"q":"190.00000000","s":"ONGBTC","a":2639324,"T":1593489482933,"e":"aggTrade","p":"0.00002925","f":3516961},{"m":false,"E":1593489483197,"l":3516962,"M":true,"q":"68.00000000","s":"ONGBTC","a":2639325,"T":1593489483196,"e":"aggTrade","p":"0.00002925","f":3516962},{"m":true,"E":1593489483729,"l":3516963,"M":true,"q":"580.00000000","s":"ONGBTC","a":2639326,"T":1593489483728,"e":"aggTrade","p":"0.00002920","f":3516963},{"m":true,"E":1593489488746,"l":3516964,"M":true,"q":"215.00000000","s":"ONGBTC","a":2639327,"T":1593489488745,"e":"aggTrade","p":"0.00002920","f":3516964},{"m":true,"E":1593489489202,"l":3516965,"M":true,"q":"909.00000000","s":"ONGBTC","a":2639328,"T":1593489489201,"e":"aggTrade","p":"0.00002920","f":3516965},{"m":true,"E":1593489489359,"l":3516966,"M":true,"q":"171.00000000","s":"ONGBTC","a":2639329,"T":1593489489358,"e":"aggTrade","p":"0.00002920","f":3516966},{"m":false,"E":1593489489412,"l":3516967,"M":true,"q":"42.00000000","s":"ONGBTC","a":2639330,"T":1593489489411,"e":"aggTrade","p":"0.00002925","f":3516967},{"m":false,"E":1593489490487,"l":3516968,"M":true,"q":"126.00000000","s":"ONGBTC","a":2639331,"T":1593489490486,"e":"aggTrade","p":"0.00002925","f":3516968},{"m":false,"E":1593489490604,"l":3516969,"M":true,"q":"99.00000000","s":"ONGBTC","a":2639332,"T":1593489490603,"e":"aggTrade","p":"0.00002925","f":3516969},{"m":false,"E":1593489492065,"l":3516970,"M":true,"q":"161.00000000","s":"ONGBTC","a":2639333,"T":1593489492064,"e":"aggTrade","p":"0.00002925","f":3516970},{"m":false,"E":1593489499799,"l":3516971,"M":true,"q":"533.00000000","s":"ONGBTC","a":2639334,"T":1593489499798,"e":"aggTrade","p":"0.00002925","f":3516971},{"m":false,"E":1593489501159,"l":3516972,"M":true,"q":"342.00000000","s":"ONGBTC","a":2639335,"T":1593489501158,"e":"aggTrade","p":"0.00002928","f":3516972},{"m":false,"E":1593489505469,"l":3516973,"M":true,"q":"1592.00000000","s":"ONGBTC","a":2639336,"T":1593489505468,"e":"aggTrade","p":"0.00002928","f":3516973},{"m":false,"E":1593489512649,"l":3516974,"M":true,"q":"147.00000000","s":"ONGBTC","a":2639337,"T":1593489512647,"e":"aggTrade","p":"0.00002928","f":3516974},{"m":false,"E":1593489513803,"l":3516975,"M":true,"q":"74.00000000","s":"ONGBTC","a":2639338,"T":1593489513802,"e":"aggTrade","p":"0.00002928","f":3516975},{"m":false,"E":1593489521220,"l":3516976,"M":true,"q":"51.00000000","s":"ONGBTC","a":2639339,"T":1593489521219,"e":"aggTrade","p":"0.00002928","f":3516976},{"m":false,"E":1593489522170,"l":3516977,"M":true,"q":"51.00000000","s":"ONGBTC","a":2639340,"T":1593489522169,"e":"aggTrade","p":"0.00002928","f":3516977},{"m":false,"E":1593489530655,"l":3516978,"M":true,"q":"12.00000000","s":"ONGBTC","a":2639341,"T":1593489530653,"e":"aggTrade","p":"0.00002928","f":3516978},{"m":false,"E":1593489530765,"l":3516979,"M":true,"q":"12.00000000","s":"ONGBTC","a":2639342,"T":1593489530764,"e":"aggTrade","p":"0.00002928","f":3516979},{"m":false,"E":1593489530877,"l":3516980,"M":true,"q":"12.00000000","s":"ONGBTC","a":2639343,"T":1593489530876,"e":"aggTrade","p":"0.00002928","f":3516980},{"m":false,"E":1593489532211,"l":3516981,"M":true,"q":"153.00000000","s":"ONGBTC","a":2639344,"T":1593489532210,"e":"aggTrade","p":"0.00002926","f":3516981},{"m":false,"E":1593489532384,"l":3516982,"M":true,"q":"16.00000000","s":"ONGBTC","a":2639345,"T":1593489532383,"e":"aggTrade","p":"0.00002926","f":3516982},{"m":false,"E":1593489532390,"l":3516983,"M":true,"q":"34.00000000","s":"ONGBTC","a":2639346,"T":1593489532389,"e":"aggTrade","p":"0.00002928","f":3516983},{"m":false,"E":1593489532392,"l":3516986,"M":true,"q":"5109.00000000","s":"ONGBTC","a":2639347,"T":1593489532391,"e":"aggTrade","p":"0.00002930","f":3516984},{"m":false,"E":1593489532533,"l":3516987,"M":true,"q":"4.00000000","s":"ONGBTC","a":2639348,"T":1593489532532,"e":"aggTrade","p":"0.00002933","f":3516987},{"m":false,"E":1593489534257,"l":3516988,"M":true,"q":"1.00000000","s":"ONGBTC","a":2639349,"T":1593489534256,"e":"aggTrade","p":"0.00002934","f":3516988},{"m":false,"E":1593489534472,"l":3516989,"M":true,"q":"12.00000000","s":"ONGBTC","a":2639350,"T":1593489534471,"e":"aggTrade","p":"0.00002934","f":3516989}],[{"m":false,"E":1593492872488,"l":3517870,"M":true,"q":"84.00000000","s":"ONGBTC","a":2639975,"T":1593492872487,"e":"aggTrade","p":"0.00003028","f":3517870},{"m":false,"E":1593492880636,"l":3517871,"M":true,"q":"70.00000000","s":"ONGBTC","a":2639976,"T":1593492880635,"e":"aggTrade","p":"0.00003028","f":3517871},{"m":false,"E":1593492880636,"l":3517874,"M":true,"q":"5530.00000000","s":"ONGBTC","a":2639977,"T":1593492880635,"e":"aggTrade","p":"0.00003029","f":3517872},{"m":true,"E":1593492880645,"l":3517875,"M":true,"q":"1085.00000000","s":"ONGBTC","a":2639978,"T":1593492880644,"e":"aggTrade","p":"0.00003029","f":3517875},{"m":true,"E":1593492896109,"l":3517876,"M":true,"q":"20.00000000","s":"ONGBTC","a":2639979,"T":1593492896108,"e":"aggTrade","p":"0.00003029","f":3517876},{"m":false,"E":1593492896602,"l":3517879,"M":true,"q":"111.00000000","s":"ONGBTC","a":2639980,"T":1593492896601,"e":"aggTrade","p":"0.00003030","f":3517877},{"m":false,"E":1593492924974,"l":3517880,"M":true,"q":"4.00000000","s":"ONGBTC","a":2639981,"T":1593492924972,"e":"aggTrade","p":"0.00003029","f":3517880},{"m":false,"E":1593492924974,"l":3517886,"M":true,"q":"90.00000000","s":"ONGBTC","a":2639982,"T":1593492924972,"e":"aggTrade","p":"0.00003031","f":3517881},{"m":false,"E":1593492943073,"l":3517887,"M":true,"q":"237.00000000","s":"ONGBTC","a":2639983,"T":1593492943072,"e":"aggTrade","p":"0.00003029","f":3517887}]]},{"peak":"6.96428571|810,-11.33828996|930,5.01858736|990,-13.22645291|4560,5.21042084|960,-3.34645669|600,9.44881890|3000,-5.90476190|600,7.04761905|1560,-6.23818526|2670,3.40264650|420,-3.99239544|990,3.42205323|660,-15.25423729|6825,4.87288136|1212,-3.12500000|967,5.00000000|221","transactionList":[{},{},{},{},{},{},{},{},{},{},{},{},{},{},{},{},{}]},{"peak":"13.20000000|1470,-6.59133710|780,6.21468927|240,-3.48623853|30,8.99082569|540,-3.84615385|150,10.48951049|600,-4.80928690|30,5.63847430|150,-3.24149109|60,5.34846029|180,-8.15307820|120,3.66056572|390,-8.91608392|570,10.83916084|1470,-5.31561462|1080,3.32225914|90,-12.88566243|1050,7.25952813|570,-4.60176991|330,4.07079646|870,-3.33919156|570,15.81722320|2970,-8.21018062|300,10.01642036|330,-3.71517028|330,5.88235294|690,-8.39936609|780,5.70522979|540,-12.10084034|1470,3.36134454|300,-3.53535354|330,4.37710438|180,-5.44217687|720,3.40136054|360,-5.73913043|720,8.86956522|960,-20.61657033|3150,3.27552987|270,-15.76673866|1353,3.02375810|132,-3.24675325|471,9.09090909|75,-3.91752577|90,10.92783505|420,-11.38716356|1666,-11.38716356|1666","transactionList":[{},{},{},{},{},{},{},{},{},{},{},{},{},{},{},{},{},{},{},{},{},{},{},{},{},{},{},{},{},{},{},{},{},{},{},{},{},{},{},{},{},{},{},{},{},{},[{"m":false,"l":1777066,"M":true,"q":"203.00000000","a":984989,"T":1593459375050,"p":"0.00000243","f":1777066},{"m":true,"l":1777067,"M":true,"q":"745.00000000","a":984990,"T":1593459415436,"p":"0.00000242","f":1777067},{"m":true,"l":1777070,"M":true,"q":"14750.00000000","a":984991,"T":1593459415436,"p":"0.00000242","f":1777068},{"m":true,"l":1777071,"M":true,"q":"4262.00000000","a":984992,"T":1593459415436,"p":"0.00000241","f":1777071},{"m":true,"l":1777072,"M":true,"q":"818.00000000","a":984993,"T":1593459415438,"p":"0.00000241","f":1777072},{"m":true,"l":1777077,"M":true,"q":"18600.00000000","a":984994,"T":1593459415913,"p":"0.00000241","f":1777073},{"m":true,"l":1777079,"M":true,"q":"3156.00000000","a":984995,"T":1593459415926,"p":"0.00000241","f":1777078},{"m":true,"l":1777080,"M":true,"q":"15495.00000000","a":984996,"T":1593459419465,"p":"0.00000241","f":1777080},{"m":false,"l":1777081,"M":true,"q":"1626.00000000","a":984997,"T":1593459434073,"p":"0.00000242","f":1777081},{"m":true,"l":1777082,"M":true,"q":"470.00000000","a":984998,"T":1593459438318,"p":"0.00000241","f":1777082},{"m":false,"l":1777083,"M":true,"q":"50.00000000","a":984999,"T":1593459456434,"p":"0.00000242","f":1777083},{"m":false,"l":1777084,"M":true,"q":"50.00000000","a":985000,"T":1593459468047,"p":"0.00000242","f":1777084},{"m":false,"l":1777086,"M":true,"q":"3987.00000000","a":985001,"T":1593459470143,"p":"0.00000242","f":1777085},{"m":true,"l":1777087,"M":true,"q":"797.00000000","a":985002,"T":1593459473840,"p":"0.00000241","f":1777087}]]},{"peak":"4.86891386|150,-7.07456979|180,4.78011472|30,-3.59168242|90,10.39697543|1080,-10.60606061|720,8.71212121|1350,-3.42342342|90,4.32432432|90,-13.30724070|540,10.37181996|840,-5.81613508|840,21.57598499|570,-9.64467005|390,23.18104907|510,-7.21649485|180,6.03829161|60,-3.74639769|120,8.93371758|330,-10.04366812|360,4.22125182|60,-18.15181518|420,15.34653465|180,-3.55555556|90,3.70370370|90,-4.16666667|60,10.71428571|120,-10.05917160|480,21.44970414|420,-6.34715026|540,5.31088083|300,-3.43511450|300,18.06615776|240,-18.21656051|600,8.53503185|180,-5.05548705|90,6.90505549|330,-18.93004115|1530,8.09327846|540,-6.19946092|540,9.16442049|390,-23.28767123|2670,3.04414003|120,-3.35877863|120,3.96946565|330,-9.48553055|1080,10.12861736|900,-3.94537178|240,13.50531108|420,-8.09248555|420,3.61271676|120,-9.29878049|780,6.25000000|1140,-13.88888889|930,11.43790850|1170,-20.28218695|627,4.23280423|129,-7.06521739|459,10.50724638|297,-3.91822828|489,3.57751278|438,-7.42049470|401,6.71378092|237,-3.42465753|63,3.93835616|485,4.62328767|538","transactionList":[{},{},{},{},{},{},{},{},{},{},{},{},{},{},{},{},{},{},{},{},{},{},{},{},{},{},{},{},{},{},{},{},{},{},{},{},{},{},{},{},{},{},{},{},{},{},{},{},{},{},{},{},{},{},{},{},{},{},{},{},{},{},{},{},{},[{"m":false,"E":1593470880018,"l":6035825,"M":true,"q":"125551.00000000","s":"BLZBTC","a":4668909,"T":1593470880014,"e":"aggTrade","p":"0.00000302","f":6035817},{"m":false,"E":1593470880018,"l":6035832,"M":true,"q":"13994.00000000","s":"BLZBTC","a":4668910,"T":1593470880014,"e":"aggTrade","p":"0.00000303","f":6035826},{"m":true,"E":1593470880063,"l":6035833,"M":true,"q":"3866.00000000","s":"BLZBTC","a":4668911,"T":1593470880062,"e":"aggTrade","p":"0.00000303","f":6035833},{"m":true,"E":1593470880222,"l":6035834,"M":true,"q":"637.00000000","s":"BLZBTC","a":4668912,"T":1593470880220,"e":"aggTrade","p":"0.00000303","f":6035834},{"m":false,"E":1593470901289,"l":6035849,"M":true,"q":"34204.00000000","s":"BLZBTC","a":4668913,"T":1593470901284,"e":"aggTrade","p":"0.00000304","f":6035835},{"m":false,"E":1593470901289,"l":6035865,"M":true,"q":"53174.00000000","s":"BLZBTC","a":4668914,"T":1593470901284,"e":"aggTrade","p":"0.00000305","f":6035850},{"m":true,"E":1593470901298,"l":6035866,"M":true,"q":"9209.00000000","s":"BLZBTC","a":4668915,"T":1593470901295,"e":"aggTrade","p":"0.00000305","f":6035866},{"m":true,"E":1593470901303,"l":6035867,"M":true,"q":"20854.00000000","s":"BLZBTC","a":4668916,"T":1593470901299,"e":"aggTrade","p":"0.00000305","f":6035867},{"m":true,"E":1593470901308,"l":6035868,"M":true,"q":"5217.00000000","s":"BLZBTC","a":4668917,"T":1593470901302,"e":"aggTrade","p":"0.00000305","f":6035868},{"m":true,"E":1593470901374,"l":6035869,"M":true,"q":"16041.00000000","s":"BLZBTC","a":4668918,"T":1593470901372,"e":"aggTrade","p":"0.00000305","f":6035869},{"m":true,"E":1593470901422,"l":6035870,"M":true,"q":"14709.00000000","s":"BLZBTC","a":4668919,"T":1593470901421,"e":"aggTrade","p":"0.00000305","f":6035870},{"m":true,"E":1593470901480,"l":6035871,"M":true,"q":"11795.00000000","s":"BLZBTC","a":4668920,"T":1593470901479,"e":"aggTrade","p":"0.00000305","f":6035871},{"m":true,"E":1593470901638,"l":6035872,"M":true,"q":"1500.00000000","s":"BLZBTC","a":4668921,"T":1593470901637,"e":"aggTrade","p":"0.00000305","f":6035872},{"m":true,"E":1593470949830,"l":6035874,"M":true,"q":"238.00000000","s":"BLZBTC","a":4668922,"T":1593470949828,"e":"aggTrade","p":"0.00000305","f":6035873},{"m":true,"E":1593470955915,"l":6035875,"M":true,"q":"495.00000000","s":"BLZBTC","a":4668923,"T":1593470955914,"e":"aggTrade","p":"0.00000304","f":6035875}]]},{"peak":"-3.20823245|420,14.95157385|210,-5.55864369|150,3.05725403|150,-5.58086560|330,9.11161731|240,-5.97345133|210,16.75884956|270,-9.15201655|180,9.66907963|90,-6.05000000|120,4.55000000|90,-3.10650888|60,12.13017751|210,-6.11292580|90,4.05972935|60,-12.85425101|510,3.34008097|180,-4.66427473|270,3.58790364|120,-13.60314784|330,21.81000562|480,-4.18269231|240,4.27884615|120,-3.13837375|210,10.55634807|480,-8.69565217|1200,3.41280972|240,-11.04417671|810,3.11244980|330,-11.69113649|570,5.92713431|120,-3.72736954|300,6.49627263|480,-5.20778538|300,5.26038927|540,-6.66311301|960,3.41151386|330,-3.19148936|330,6.80851064|810,-5.68421053|1560,6.78947368|900,-24.47852761|8610,16.25766871|570,-5.51224944|210,5.79064588|690,-17.86600496|1380,5.08684864|123,-3.67197062|210,4.58996328|930,-8.71501272|1196,3.56234097|471","transactionList":[{},{},{},{},{},{},{},{},{},{},{},{},{},{},{},{},{},{},{},{},{},{},{},{},{},{},{},{},{},{},{},{},{},{},{},{},{},{},{},{},{},{},{},{},{},{},{},{},{},{},{},{}]},{"peak":"-10.26289181|3570,3.58948433|840,-11.21765877|11400,4.07092455|2940,-4.10859729|540,7.42081448|2310,-7.45971392|2640,6.84410646|1920,-14.00695518|366,12.34544049|2845","transactionList":[{},{},{},{},{},{},{},{},{},{}]},{"peak":"-1.97044335|30,8.37438424|1020,-3.77358491|270,9.90566038|960,-7.37327189|300,5.99078341|690,-12.19512195|840,3.90243902|870,-3.39805825|420,14.56310680|1500,-11.84834123|2160,22.27488152|2460,-3.20000000|120,18.40000000|420,-8.42490842|330,3.66300366|60,-3.28467153|90,14.59854015|780,-12.14285714|420,7.85714286|240,-6.33802817|210,5.98591549|60,-4.87804878|210,15.33101045|810,-5.75079872|270,5.11182109|90,-5.78778135|510,3.53697749|90,-8.05369128|630,5.03355705|420,-10.60070671|1440,3.18021201|540,-5.79710145|480,14.13043478|510,-3.27868852|120,14.42622951|240,-4.49101796|90,9.28143713|210,-5.79710145|480,6.37681159|180,-6.68604651|240,3.48837209|210,-5.95238095|270,3.57142857|120,-6.09756098|180,10.97560976|210,-6.74486804|420,13.78299120|780,-32.87671233|300,4.79452055|150,-19.06614786|2130,3.50194553|240,-12.23628692|324,3.37552743|228,-8.88888889|351,9.33333333|360,-4.23728814|432,9.74576271|162,-5.28455285|198,4.06504065|225,-6.66666667|1001","transactionList":[{},{},{},{},{},{},{},{},{},{},{},{},{},{},{},{},{},{},{},{},{},{},{},{},{},{},{},{},{},{},{},{},{},{},{},{},{},{},{},{},{},{},{},{},{},{},{},{},{},{},{},{},{},{},{},{},{},{},{},{},{}]},{"peak":"4.64646465|480,-3.80761523|240,5.41082164|390,-3.54330709|180,9.44881890|810,-4.11985019|60,12.54681648|360,-5.06993007|30,21.85314685|330,-7.06605223|30,44.23963134|180,-15.07352941|450,16.66666667|90,-7.93650794|60,3.51473923|60,-11.88725490|150,11.15196078|120,-15.68877551|300,3.57142857|30,-3.70370370|30,3.57598978|60,-4.64516129|90,3.35483871|60,-3.75647668|150,5.44041451|90,-12.43093923|1020,10.91160221|420,-14.55064194|1020,7.56062767|450,-5.30726257|390,4.60893855|300,-5.04908836|240,15.56802244|150,-5.50576184|150,5.76184379|180,-13.93103448|660,11.03448276|330,-9.97267760|480,9.69945355|1590,-3.21336761|60,4.62724936|90,-20.77151335|2310,3.70919881|600,-4.01785714|450,4.76190476|480,-7.48091603|990,5.64885496|210,-4.06015038|270,9.92481203|1020,-7.34214391|870,7.63582966|90,-11.56773212|1050,4.10958904|1110,-14.76510067|3240,3.02013423|510,-7.15532286|600,3.31588133|330,-8.62385321|981,19.81651376|792,-10.11804384|384,6.23946037|207,-5.70469799|132,6.37583893|357,-3.76432079|103,7.20130933|211,-4.96794872|115,4.96794872|380,9.45512821|426,-3.64188164|39","transactionList":[{},{},{},{},{},{},{},{},{},{},{},{},{},{},{},{},{},{},{},{},{},{},{},{},{},{},{},{},{},{},{},{},{},{},{},{},{},{},{},{},{},{},{},{},{},{},{},{},{},{},{},{},{},{},{},{},{},{},{},{},{},{},{},{},{},{},{},[{"m":true,"E":1593472689201,"l":534139,"M":true,"q":"536.00000000","s":"CHRBTC","a":335720,"T":1593472689200,"e":"aggTrade","p":"0.00000339","f":534139},{"m":true,"E":1593472689779,"l":534140,"M":true,"q":"536.00000000","s":"CHRBTC","a":335721,"T":1593472689777,"e":"aggTrade","p":"0.00000339","f":534140},{"m":true,"E":1593472695363,"l":534141,"M":true,"q":"75.00000000","s":"CHRBTC","a":335722,"T":1593472695362,"e":"aggTrade","p":"0.00000339","f":534141},{"m":false,"E":1593472695398,"l":534142,"M":true,"q":"10.00000000","s":"CHRBTC","a":335723,"T":1593472695397,"e":"aggTrade","p":"0.00000340","f":534142},{"m":false,"E":1593472712159,"l":534144,"M":true,"q":"70.00000000","s":"CHRBTC","a":335724,"T":1593472712158,"e":"aggTrade","p":"0.00000340","f":534143},{"m":false,"E":1593472712159,"l":534145,"M":true,"q":"8652.00000000","s":"CHRBTC","a":335725,"T":1593472712158,"e":"aggTrade","p":"0.00000341","f":534145},{"m":false,"E":1593472714097,"l":534146,"M":true,"q":"1600.00000000","s":"CHRBTC","a":335726,"T":1593472714096,"e":"aggTrade","p":"0.00000341","f":534146},{"m":false,"E":1593472714238,"l":534147,"M":true,"q":"3271.00000000","s":"CHRBTC","a":335727,"T":1593472714237,"e":"aggTrade","p":"0.00000341","f":534147},{"m":true,"E":1593472714238,"l":534148,"M":true,"q":"388.00000000","s":"CHRBTC","a":335728,"T":1593472714237,"e":"aggTrade","p":"0.00000339","f":534148},{"m":false,"E":1593472714287,"l":534149,"M":true,"q":"3271.00000000","s":"CHRBTC","a":335729,"T":1593472714286,"e":"aggTrade","p":"0.00000341","f":534149},{"m":false,"E":1593472715586,"l":534150,"M":true,"q":"402.00000000","s":"CHRBTC","a":335730,"T":1593472715585,"e":"aggTrade","p":"0.00000341","f":534150},{"m":false,"E":1593472715997,"l":534156,"M":true,"q":"3815.00000000","s":"CHRBTC","a":335731,"T":1593472715996,"e":"aggTrade","p":"0.00000341","f":534151},{"m":false,"E":1593472716453,"l":534158,"M":true,"q":"1600.00000000","s":"CHRBTC","a":335732,"T":1593472716452,"e":"aggTrade","p":"0.00000341","f":534157},{"m":false,"E":1593472716867,"l":534162,"M":true,"q":"293.00000000","s":"CHRBTC","a":335733,"T":1593472716865,"e":"aggTrade","p":"0.00000341","f":534159},{"m":false,"E":1593472717047,"l":534163,"M":true,"q":"59.00000000","s":"CHRBTC","a":335734,"T":1593472717046,"e":"aggTrade","p":"0.00000341","f":534163},{"m":false,"E":1593472720755,"l":534164,"M":true,"q":"59.00000000","s":"CHRBTC","a":335735,"T":1593472720755,"e":"aggTrade","p":"0.00000341","f":534164},{"m":false,"E":1593472727934,"l":534166,"M":true,"q":"1600.00000000","s":"CHRBTC","a":335736,"T":1593472727933,"e":"aggTrade","p":"0.00000341","f":534165},{"m":false,"E":1593472728258,"l":534167,"M":true,"q":"294.00000000","s":"CHRBTC","a":335737,"T":1593472728257,"e":"aggTrade","p":"0.00000341","f":534167},{"m":false,"E":1593472729332,"l":534168,"M":true,"q":"1600.00000000","s":"CHRBTC","a":335738,"T":1593472729331,"e":"aggTrade","p":"0.00000341","f":534168},{"m":false,"E":1593472730329,"l":534169,"M":true,"q":"35.00000000","s":"CHRBTC","a":335739,"T":1593472730327,"e":"aggTrade","p":"0.00000341","f":534169},{"m":false,"E":1593472730958,"l":534170,"M":true,"q":"1600.00000000","s":"CHRBTC","a":335740,"T":1593472730957,"e":"aggTrade","p":"0.00000341","f":534170},{"m":false,"E":1593472732771,"l":534171,"M":true,"q":"1600.00000000","s":"CHRBTC","a":335741,"T":1593472732769,"e":"aggTrade","p":"0.00000341","f":534171},{"m":false,"E":1593472734578,"l":534172,"M":true,"q":"1600.00000000","s":"CHRBTC","a":335742,"T":1593472734577,"e":"aggTrade","p":"0.00000341","f":534172},{"m":false,"E":1593472736144,"l":534173,"M":true,"q":"1600.00000000","s":"CHRBTC","a":335743,"T":1593472736143,"e":"aggTrade","p":"0.00000341","f":534173},{"m":false,"E":1593472738030,"l":534174,"M":true,"q":"4056.00000000","s":"CHRBTC","a":335744,"T":1593472738029,"e":"aggTrade","p":"0.00000341","f":534174},{"m":false,"E":1593472738042,"l":534175,"M":true,"q":"5618.00000000","s":"CHRBTC","a":335745,"T":1593472738040,"e":"aggTrade","p":"0.00000341","f":534175},{"m":false,"E":1593472738304,"l":534176,"M":true,"q":"2105.00000000","s":"CHRBTC","a":335746,"T":1593472738303,"e":"aggTrade","p":"0.00000341","f":534176},{"m":false,"E":1593472738482,"l":534179,"M":true,"q":"1600.00000000","s":"CHRBTC","a":335747,"T":1593472738480,"e":"aggTrade","p":"0.00000342","f":534177},{"m":true,"E":1593472739187,"l":534180,"M":true,"q":"3896.00000000","s":"CHRBTC","a":335748,"T":1593472739186,"e":"aggTrade","p":"0.00000340","f":534180},{"m":false,"E":1593472748078,"l":534181,"M":true,"q":"293.00000000","s":"CHRBTC","a":335749,"T":1593472748077,"e":"aggTrade","p":"0.00000342","f":534181},{"m":false,"E":1593472750543,"l":534182,"M":true,"q":"1600.00000000","s":"CHRBTC","a":335750,"T":1593472750541,"e":"aggTrade","p":"0.00000341","f":534182},{"m":true,"E":1593472753093,"l":534185,"M":true,"q":"476.00000000","s":"CHRBTC","a":335751,"T":1593472753091,"e":"aggTrade","p":"0.00000340","f":534183},{"m":false,"E":1593472756900,"l":534186,"M":true,"q":"1600.00000000","s":"CHRBTC","a":335752,"T":1593472756899,"e":"aggTrade","p":"0.00000341","f":534186},{"m":true,"E":1593472757156,"l":534187,"M":true,"q":"138.00000000","s":"CHRBTC","a":335753,"T":1593472757155,"e":"aggTrade","p":"0.00000340","f":534187},{"m":false,"E":1593472757220,"l":534188,"M":true,"q":"138.00000000","s":"CHRBTC","a":335754,"T":1593472757219,"e":"aggTrade","p":"0.00000341","f":534188},{"m":false,"E":1593472758281,"l":534189,"M":true,"q":"1600.00000000","s":"CHRBTC","a":335755,"T":1593472758280,"e":"aggTrade","p":"0.00000341","f":534189},{"m":false,"E":1593472759657,"l":534191,"M":true,"q":"1600.00000000","s":"CHRBTC","a":335756,"T":1593472759655,"e":"aggTrade","p":"0.00000341","f":534190},{"m":false,"E":1593472760518,"l":534192,"M":true,"q":"580.00000000","s":"CHRBTC","a":335757,"T":1593472760517,"e":"aggTrade","p":"0.00000341","f":534192},{"m":false,"E":1593472762317,"l":534193,"M":true,"q":"659.00000000","s":"CHRBTC","a":335758,"T":1593472762316,"e":"aggTrade","p":"0.00000341","f":534193},{"m":true,"E":1593472765271,"l":534194,"M":true,"q":"3671.00000000","s":"CHRBTC","a":335759,"T":1593472765270,"e":"aggTrade","p":"0.00000340","f":534194},{"m":true,"E":1593472783346,"l":534197,"M":true,"q":"3596.00000000","s":"CHRBTC","a":335760,"T":1593472783345,"e":"aggTrade","p":"0.00000340","f":534195},{"m":true,"E":1593472794910,"l":534198,"M":true,"q":"524.00000000","s":"CHRBTC","a":335761,"T":1593472794909,"e":"aggTrade","p":"0.00000341","f":534198},{"m":true,"E":1593472795876,"l":534200,"M":true,"q":"2779.00000000","s":"CHRBTC","a":335762,"T":1593472795874,"e":"aggTrade","p":"0.00000341","f":534199},{"m":true,"E":1593472795876,"l":534202,"M":true,"q":"46169.00000000","s":"CHRBTC","a":335763,"T":1593472795874,"e":"aggTrade","p":"0.00000340","f":534201},{"m":false,"E":1593472795886,"l":534203,"M":true,"q":"33832.00000000","s":"CHRBTC","a":335764,"T":1593472795885,"e":"aggTrade","p":"0.00000340","f":534203},{"m":false,"E":1593472795887,"l":534204,"M":true,"q":"29783.00000000","s":"CHRBTC","a":335765,"T":1593472795885,"e":"aggTrade","p":"0.00000340","f":534204}],[{"m":true,"E":1593475096840,"l":534636,"M":true,"q":"10320.00000000","s":"CHRBTC","a":335983,"T":1593475096839,"e":"aggTrade","p":"0.00000330","f":534634},{"m":true,"E":1593475096840,"l":534638,"M":true,"q":"4726.00000000","s":"CHRBTC","a":335984,"T":1593475096839,"e":"aggTrade","p":"0.00000330","f":534637},{"m":true,"E":1593475097281,"l":534644,"M":true,"q":"1288.00000000","s":"CHRBTC","a":335985,"T":1593475097280,"e":"aggTrade","p":"0.00000329","f":534639},{"m":false,"E":1593475097403,"l":534645,"M":true,"q":"37.00000000","s":"CHRBTC","a":335986,"T":1593475097402,"e":"aggTrade","p":"0.00000330","f":534645},{"m":false,"E":1593475097972,"l":534646,"M":true,"q":"352.00000000","s":"CHRBTC","a":335987,"T":1593475097971,"e":"aggTrade","p":"0.00000330","f":534646},{"m":false,"E":1593475100571,"l":534647,"M":true,"q":"1079.00000000","s":"CHRBTC","a":335988,"T":1593475100570,"e":"aggTrade","p":"0.00000330","f":534647},{"m":true,"E":1593475110917,"l":534649,"M":true,"q":"1297.00000000","s":"CHRBTC","a":335989,"T":1593475110916,"e":"aggTrade","p":"0.00000329","f":534648},{"m":false,"E":1593475129937,"l":534650,"M":true,"q":"658.00000000","s":"CHRBTC","a":335990,"T":1593475129936,"e":"aggTrade","p":"0.00000330","f":534650},{"m":false,"E":1593475133771,"l":534651,"M":true,"q":"4200.00000000","s":"CHRBTC","a":335991,"T":1593475133769,"e":"aggTrade","p":"0.00000330","f":534651},{"m":false,"E":1593475133771,"l":534657,"M":true,"q":"1178.00000000","s":"CHRBTC","a":335992,"T":1593475133769,"e":"aggTrade","p":"0.00000331","f":534652},{"m":true,"E":1593475151307,"l":534658,"M":true,"q":"539.00000000","s":"CHRBTC","a":335993,"T":1593475151306,"e":"aggTrade","p":"0.00000330","f":534658}]]},{"peak":"25.65073355|1770,-6.45549318|270,6.17481957|330,-11.02725367|540,9.01467505|570,-17.54068716|930,12.70343580|420,-9.10284464|1200,5.95185996|900,-14.84819734|2130,4.41176471|120,-4.36225699|300,13.89284021|510,-4.89082969|570,3.31877729|240,-4.22907489|480,20.66079295|1230,-5.30565167|1020,3.15263360|180,-15.44750430|510,9.55249570|1080,-10.12110727|3390,6.74740484|960,-9.15524104|4230,4.24590889|510,-16.56775470|2751,6.42927794|1788,-3.36215178|815","transactionList":[{},{},{},{},{},{},{},{},{},{},{},{},{},{},{},{},{},{},{},{},{},{},{},{},{},{},{},{}]},{"peak":"-7.10973725|1410,5.71870170|600,-7.54716981|1260,3.45911950|150,-6.81818182|960,7.95454545|3210,-9.91735537|1440,14.21487603|4950,-4.85584219|630,15.47799697|570,-3.81991814|240,5.45702592|600,-5.74555404|750,6.01915185|390,-7.93871866|1890,3.62116992|360,-6.59025788|600,7.44985673|750,-3.30578512|60,3.58126722|240,-8.20143885|1560,3.30935252|300,-4.05797101|450,5.65217391|240,-7.04845815|1890,4.25844347|420,-15.44715447|1221,5.85365854|63,-3.49761526|141,5.56438792|999,-6.58105939|995,-6.58105939|995","transactionList":[{},{},{},{},{},{},{},{},{},{},{},{},{},{},{},{},{},{},{},{},{},{},{},{},{},{},{},{},{},{},{},[{"m":true,"l":2589213,"M":true,"q":"62920.00000000","a":1515530,"T":1593419371538,"p":"0.00000314","f":2589212},{"m":true,"l":2589223,"M":true,"q":"48038.00000000","a":1515531,"T":1593419371546,"p":"0.00000313","f":2589214},{"m":true,"l":2589230,"M":true,"q":"15968.00000000","a":1515532,"T":1593419371546,"p":"0.00000312","f":2589224},{"m":true,"l":2589231,"M":true,"q":"10975.00000000","a":1515533,"T":1593419371546,"p":"0.00000312","f":2589231},{"m":true,"l":2589232,"M":true,"q":"2999.00000000","a":1515534,"T":1593419371546,"p":"0.00000312","f":2589232},{"m":true,"l":2589246,"M":true,"q":"32085.00000000","a":1515535,"T":1593419371546,"p":"0.00000311","f":2589233},{"m":true,"l":2589247,"M":true,"q":"906.00000000","a":1515536,"T":1593419371633,"p":"0.00000311","f":2589247},{"m":true,"l":2589260,"M":true,"q":"21094.00000000","a":1515537,"T":1593419371633,"p":"0.00000310","f":2589248},{"m":true,"l":2589261,"M":true,"q":"139.00000000","a":1515538,"T":1593419371633,"p":"0.00000310","f":2589261},{"m":true,"l":2589262,"M":true,"q":"3816.00000000","a":1515539,"T":1593419371690,"p":"0.00000311","f":2589262},{"m":true,"l":2589264,"M":true,"q":"2515.00000000","a":1515540,"T":1593419371690,"p":"0.00000310","f":2589263},{"m":true,"l":2589271,"M":true,"q":"30431.00000000","a":1515541,"T":1593419371690,"p":"0.00000309","f":2589265},{"m":true,"l":2589272,"M":true,"q":"6143.00000000","a":1515542,"T":1593419371801,"p":"0.00000309","f":2589272},{"m":false,"l":2589273,"M":true,"q":"292.00000000","a":1515543,"T":1593419374496,"p":"0.00000310","f":2589273},{"m":false,"l":2589274,"M":true,"q":"363.00000000","a":1515544,"T":1593419374518,"p":"0.00000310","f":2589274},{"m":false,"l":2589275,"M":true,"q":"238.00000000","a":1515545,"T":1593419374529,"p":"0.00000310","f":2589275},{"m":false,"l":2589276,"M":true,"q":"32.00000000","a":1515546,"T":1593419375443,"p":"0.00000311","f":2589276},{"m":false,"l":2589278,"M":true,"q":"2236.00000000","a":1515547,"T":1593419376056,"p":"0.00000311","f":2589277},{"m":true,"l":2589279,"M":true,"q":"1197.00000000","a":1515548,"T":1593419378105,"p":"0.00000311","f":2589279},{"m":true,"l":2589280,"M":true,"q":"41.00000000","a":1515549,"T":1593419378105,"p":"0.00000310","f":2589280},{"m":false,"l":2589282,"M":true,"q":"2394.00000000","a":1515550,"T":1593419378258,"p":"0.00000311","f":2589281},{"m":false,"l":2589283,"M":true,"q":"321.00000000","a":1515551,"T":1593419380302,"p":"0.00000312","f":2589283},{"m":true,"l":2589284,"M":true,"q":"436.00000000","a":1515552,"T":1593419381872,"p":"0.00000311","f":2589284},{"m":true,"l":2589285,"M":true,"q":"679.00000000","a":1515553,"T":1593419381965,"p":"0.00000311","f":2589285},{"m":false,"l":2589286,"M":true,"q":"3696.00000000","a":1515554,"T":1593419382060,"p":"0.00000311","f":2589286},{"m":false,"l":2589291,"M":true,"q":"4448.00000000","a":1515555,"T":1593419391263,"p":"0.00000312","f":2589287}]]},{"peak":"6.78749907|750,-6.05970813|690,19.83109860|1620,-3.44033764|90,16.69650850|420,-8.86476168|90,7.02738173|120,-14.99166773|540,10.78707858|330,-6.46095097|930,4.84109387|180,-3.83066976|510,11.11992192|630,-9.15573132|990,6.46533645|210,-7.84170915|930,3.50206361|870,-10.42543547|5250,4.17017419|450,-16.00923055|5070,6.91569914|1320,-5.47808765|1470,10.97040410|2370,-3.64119601|210,8.15282392|660,-11.67753002|417,3.42367067|81,-3.88697450|543,7.09855272|804,-8.12691344|1173,-8.12691344|1173,4.38352352|721","transactionList":[{},{},{},{},{},{},{},{},{},{},{},{},{},{},{},{},{},{},{},{},{},{},{},{},{},{},{},{},{},{},[],[{"m":false,"E":1593487150326,"l":3938099,"M":true,"q":"0.22000000","s":"ZENBTC","a":2928281,"T":1593487150325,"e":"aggTrade","p":"0.00074630","f":3938099},{"m":false,"E":1593487150326,"l":3938100,"M":true,"q":"0.17000000","s":"ZENBTC","a":2928282,"T":1593487150325,"e":"aggTrade","p":"0.00074640","f":3938100},{"m":false,"E":1593487153528,"l":3938101,"M":true,"q":"2.60000000","s":"ZENBTC","a":2928283,"T":1593487153527,"e":"aggTrade","p":"0.00074640","f":3938101},{"m":false,"E":1593487157352,"l":3938102,"M":true,"q":"13.33000000","s":"ZENBTC","a":2928284,"T":1593487157350,"e":"aggTrade","p":"0.00074640","f":3938102},{"m":false,"E":1593487157352,"l":3938103,"M":true,"q":"0.22000000","s":"ZENBTC","a":2928285,"T":1593487157350,"e":"aggTrade","p":"0.00074650","f":3938103},{"m":false,"E":1593487157352,"l":3938104,"M":true,"q":"0.17000000","s":"ZENBTC","a":2928286,"T":1593487157350,"e":"aggTrade","p":"0.00074720","f":3938104},{"m":false,"E":1593487157352,"l":3938105,"M":true,"q":"0.17000000","s":"ZENBTC","a":2928287,"T":1593487157350,"e":"aggTrade","p":"0.00074800","f":3938105},{"m":false,"E":1593487157352,"l":3938106,"M":true,"q":"0.18000000","s":"ZENBTC","a":2928288,"T":1593487157350,"e":"aggTrade","p":"0.00074820","f":3938106},{"m":false,"E":1593487157352,"l":3938108,"M":true,"q":"5.73000000","s":"ZENBTC","a":2928289,"T":1593487157350,"e":"aggTrade","p":"0.00074870","f":3938107},{"m":false,"E":1593487157352,"l":3938109,"M":true,"q":"63.02000000","s":"ZENBTC","a":2928290,"T":1593487157350,"e":"aggTrade","p":"0.00074880","f":3938109},{"m":false,"E":1593487157352,"l":3938110,"M":true,"q":"0.17000000","s":"ZENBTC","a":2928291,"T":1593487157350,"e":"aggTrade","p":"0.00074890","f":3938110},{"m":false,"E":1593487157352,"l":3938111,"M":true,"q":"0.18000000","s":"ZENBTC","a":2928292,"T":1593487157350,"e":"aggTrade","p":"0.00074910","f":3938111},{"m":false,"E":1593487157352,"l":3938113,"M":true,"q":"35.33000000","s":"ZENBTC","a":2928293,"T":1593487157350,"e":"aggTrade","p":"0.00074940","f":3938112},{"m":false,"E":1593487157352,"l":3938115,"M":true,"q":"6.88000000","s":"ZENBTC","a":2928294,"T":1593487157350,"e":"aggTrade","p":"0.00074970","f":3938114},{"m":false,"E":1593487157352,"l":3938120,"M":true,"q":"78.02000000","s":"ZENBTC","a":2928295,"T":1593487157350,"e":"aggTrade","p":"0.00075000","f":3938116},{"m":true,"E":1593487157370,"l":3938121,"M":true,"q":"22.06000000","s":"ZENBTC","a":2928296,"T":1593487157366,"e":"aggTrade","p":"0.00075000","f":3938121},{"m":true,"E":1593487157370,"l":3938122,"M":true,"q":"25.82000000","s":"ZENBTC","a":2928297,"T":1593487157366,"e":"aggTrade","p":"0.00075000","f":3938122},{"m":true,"E":1593487157373,"l":3938123,"M":true,"q":"95.44000000","s":"ZENBTC","a":2928298,"T":1593487157372,"e":"aggTrade","p":"0.00075000","f":3938123},{"m":true,"E":1593487157384,"l":3938124,"M":true,"q":"16.29000000","s":"ZENBTC","a":2928299,"T":1593487157383,"e":"aggTrade","p":"0.00075000","f":3938124},{"m":true,"E":1593487157430,"l":3938125,"M":true,"q":"2.60000000","s":"ZENBTC","a":2928300,"T":1593487157428,"e":"aggTrade","p":"0.00075000","f":3938125},{"m":true,"E":1593487157467,"l":3938126,"M":true,"q":"100.00000000","s":"ZENBTC","a":2928301,"T":1593487157466,"e":"aggTrade","p":"0.00075000","f":3938126},{"m":true,"E":1593487157501,"l":3938127,"M":true,"q":"1.07000000","s":"ZENBTC","a":2928302,"T":1593487157499,"e":"aggTrade","p":"0.00075000","f":3938127},{"m":true,"E":1593487157601,"l":3938128,"M":true,"q":"44.89000000","s":"ZENBTC","a":2928303,"T":1593487157600,"e":"aggTrade","p":"0.00075000","f":3938128},{"m":true,"E":1593487189676,"l":3938129,"M":true,"q":"0.22000000","s":"ZENBTC","a":2928304,"T":1593487189675,"e":"aggTrade","p":"0.00074650","f":3938129},{"m":true,"E":1593487189676,"l":3938130,"M":true,"q":"1.04000000","s":"ZENBTC","a":2928305,"T":1593487189675,"e":"aggTrade","p":"0.00074640","f":3938130},{"m":true,"E":1593487189676,"l":3938131,"M":true,"q":"1.14000000","s":"ZENBTC","a":2928306,"T":1593487189675,"e":"aggTrade","p":"0.00074630","f":3938131},{"m":true,"E":1593487189676,"l":3938132,"M":true,"q":"1.25000000","s":"ZENBTC","a":2928307,"T":1593487189675,"e":"aggTrade","p":"0.00074620","f":3938132},{"m":true,"E":1593487189676,"l":3938133,"M":true,"q":"1.38000000","s":"ZENBTC","a":2928308,"T":1593487189675,"e":"aggTrade","p":"0.00074610","f":3938133},{"m":true,"E":1593487189676,"l":3938134,"M":true,"q":"1.52000000","s":"ZENBTC","a":2928309,"T":1593487189675,"e":"aggTrade","p":"0.00074600","f":3938134},{"m":true,"E":1593487189676,"l":3938135,"M":true,"q":"0.18000000","s":"ZENBTC","a":2928310,"T":1593487189675,"e":"aggTrade","p":"0.00074550","f":3938135},{"m":true,"E":1593487189676,"l":3938136,"M":true,"q":"10.39000000","s":"ZENBTC","a":2928311,"T":1593487189675,"e":"aggTrade","p":"0.00074450","f":3938136},{"m":true,"E":1593487189676,"l":3938138,"M":true,"q":"0.41000000","s":"ZENBTC","a":2928312,"T":1593487189675,"e":"aggTrade","p":"0.00074430","f":3938137},{"m":true,"E":1593487189676,"l":3938139,"M":true,"q":"2.06000000","s":"ZENBTC","a":2928313,"T":1593487189675,"e":"aggTrade","p":"0.00074420","f":3938139},{"m":false,"E":1593487189746,"l":3938140,"M":true,"q":"2.61000000","s":"ZENBTC","a":2928314,"T":1593487189745,"e":"aggTrade","p":"0.00074680","f":3938140},{"m":true,"E":1593487190105,"l":3938141,"M":true,"q":"1.30000000","s":"ZENBTC","a":2928315,"T":1593487190104,"e":"aggTrade","p":"0.00074440","f":3938141},{"m":true,"E":1593487190105,"l":3938142,"M":true,"q":"1.12000000","s":"ZENBTC","a":2928316,"T":1593487190104,"e":"aggTrade","p":"0.00074430","f":3938142},{"m":true,"E":1593487190901,"l":3938143,"M":true,"q":"1.30000000","s":"ZENBTC","a":2928317,"T":1593487190900,"e":"aggTrade","p":"0.00074440","f":3938143},{"m":true,"E":1593487190901,"l":3938144,"M":true,"q":"4.87000000","s":"ZENBTC","a":2928318,"T":1593487190900,"e":"aggTrade","p":"0.00074430","f":3938144},{"m":true,"E":1593487194960,"l":3938145,"M":true,"q":"0.19000000","s":"ZENBTC","a":2928319,"T":1593487194959,"e":"aggTrade","p":"0.00074440","f":3938145},{"m":true,"E":1593487194960,"l":3938146,"M":true,"q":"6.47000000","s":"ZENBTC","a":2928320,"T":1593487194959,"e":"aggTrade","p":"0.00074430","f":3938146},{"m":false,"E":1593487195583,"l":3938147,"M":true,"q":"0.22000000","s":"ZENBTC","a":2928321,"T":1593487195581,"e":"aggTrade","p":"0.00074640","f":3938147},{"m":false,"E":1593487195583,"l":3938148,"M":true,"q":"0.22000000","s":"ZENBTC","a":2928322,"T":1593487195581,"e":"aggTrade","p":"0.00074650","f":3938148},{"m":true,"E":1593487195590,"l":3938149,"M":true,"q":"6.44000000","s":"ZENBTC","a":2928323,"T":1593487195589,"e":"aggTrade","p":"0.00074650","f":3938149},{"m":true,"E":1593487199047,"l":3938150,"M":true,"q":"2.66000000","s":"ZENBTC","a":2928324,"T":1593487199046,"e":"aggTrade","p":"0.00074430","f":3938150}]]},{"peak":"10.83333333|2100,-7.75462963|960,5.43981481|360,-5.07497116|540,6.57439446|2130,-11.72914148|1650,4.11124547|1440,-3.23741007|510,5.87529976|1230,-3.51699883|690,5.62719812|750,-3.80184332|900,12.55760369|5100,-5.85048754|360,3.57529794|810,-6.45879733|1740,3.22939866|480,-3.80739082|210,3.58342665|1140,-17.08860759|3336,5.82278481|639,-4.89335006|1033,-4.89335006|1033","transactionList":[{},{},{},{},{},{},{},{},{},{},{},{},{},{},{},{},{},{},{},{},{},{},[]]},{"peak":"10.03861004|870,-3.26086957|270,9.42028986|810,-9.02527076|420,16.96750903|1080,-6.93069307|240,5.94059406|180,-5.24590164|90,39.01639344|840,-14.28571429|240,7.81671159|510,-6.95187166|210,8.55614973|510,-5.45454545|150,3.37662338|60,-6.41711230|390,10.96256684|750,-22.05882353|1230,4.11764706|330,-11.32075472|90,3.77358491|240,-17.43772242|120,9.25266904|1230,-9.64285714|690,3.21428571|390,-11.15384615|2490,6.15384615|2400,-11.29032258|3000,3.62903226|660,-4.47154472|1560,8.94308943|1710,-6.77290837|1440,5.17928287|510,-16.81415929|1539,7.07964602|603,-3.86266094|207,3.86266094|609,-6.14035088|1226","transactionList":[{},{},{},{},{},{},{},{},{},{},{},{},{},{},{},{},{},{},{},{},{},{}