[{"peak":"","transactionList":[]},{"peak":"9.41475827|4170,-5.47169811|180,3.54716981|330,-3.35216573|390,6.66666667|540,-7.90626786|1470,7.35378167|4260,-11.03448276|4260,14.91625616|6930,-4.49740190|900,7.04174879|2310,-6.90765927|2202,3.20329277|326,3.20329277|326","transactionList":[{},{},{},{},{},{},{},{},{},{},{},{},{},[]]},{"peak":"4.84848485|1200,-3.18091451|180,8.34990060|1950,-4.40613027|510,5.74712644|1050,-4.34782609|450,4.91493384|3030,-11.44578313|6600,6.22489960|3960,-3.52250489|1230,6.84931507|3900,-5.81395349|1530,4.26356589|1848,-3.86100386|1096","transactionList":[{},{},{},{},{},{},{},{},{},{},{},{},{},{}]},{"peak":"-2.46478873|1590,12.20657277|510,-7.86009778|240,7.74727341|1140,-6.74366617|990,4.50819672|300,-3.62024381|300,3.58330255|2130,-5.21575985|1380,6.41651032|3480,-10.26438569|4230,15.00777605|8970,-6.32638390|1656,6.43421999|2367,-5.44871795|616","transactionList":[{},{},{},{},{},{},{},{},{},{},{},{},{},{},{}]},{"peak":"5.88235294|120,-11.86440678|660,6.77966102|90,-10.52631579|720,6.43274854|420,-4.59770115|300,4.59770115|840,-5.20231214|420,4.62427746|480,-3.42857143|180,6.85714286|630,-6.25000000|210,10.22727273|1050,-4.30107527|210,5.37634409|90,-4.81283422|150,37.43315508|600,-5.76131687|90,25.92592593|210,-8.51063830|120,4.96453901|30,-15.62500000|240,5.46875000|180,-8.00000000|180,12.00000000|210,-18.64406780|420,4.66101695|210,-5.55555556|150,5.98290598|210,-5.08474576|150,4.66101695|330,-4.66101695|450,14.83050847|540,-4.23076923|60,4.23076923|90,-13.86554622|540,13.02521008|450,-9.34959350|330,3.65853659|150,-4.93827160|360,3.29218107|390,-6.35593220|960,13.13559322|720,-3.48837209|90,5.03875969|150,-5.85937500|360,3.51562500|360,-7.72357724|450,4.87804878|1770,-3.20000000|270,5.20000000|330,-3.13725490|300,15.68627451|630,-4.24028269|240,8.48056537|270,-4.06779661|150,4.40677966|150,-13.23529412|570,3.30882353|120,-6.03773585|330,7.16981132|210,-3.27272727|150,8.36363636|540,-8.36363636|300,4.00000000|690,-3.24909747|60,5.41516245|120,-6.95970696|210,7.69230769|600,-3.52112676|480,15.49295775|480,-11.18644068|450,7.11864407|990,-11.66077739|90,3.53356890|228,-3.16901408|447,3.87323944|138,-4.24028269|309,3.53356890|54,-9.32835821|540,4.85074627|114,-4.46096654|732,17.10037175|260,-4.30463576|21,3.97350993|4,-8.27586207|63,3.10344828|96,-4.54545455|47,3.84615385|22,-5.31914894|34,-5.69395018|52,4.98220641|23","transactionList":[{},{},{},{},{},{},{},{},{},{},{},{},{},{},{},{},{},{},{},{},{},{},{},{},{},{},{},{},{},{},{},{},{},{},{},{},{},{},{},{},{},{},{},{},{},{},{},{},{},{},{},{},{},{},{},{},{},{},{},{},{},{},{},{},{},{},{},{},{},{},{},{},{},{},{},{},{},{},{},{},{},{},{},{},{},{},{},{},{},{},[{"m":false,"E":1595711229847,"l":6510900,"M":true,"q":"11000.00000000","s":"DOCKBTC","a":4075323,"T":1595711229846,"e":"aggTrade","p":"0.00000142","f":6510900},{"m":true,"E":1595711248222,"l":6510901,"M":true,"q":"1198.00000000","s":"DOCKBTC","a":4075324,"T":1595711248221,"e":"aggTrade","p":"0.00000141","f":6510901},{"m":true,"E":1595711267711,"l":6510929,"M":true,"q":"386679.00000000","s":"DOCKBTC","a":4075325,"T":1595711267708,"e":"aggTrade","p":"0.00000141","f":6510902},{"m":false,"E":1595711267720,"l":6510930,"M":true,"q":"34065.00000000","s":"DOCKBTC","a":4075326,"T":1595711267717,"e":"aggTrade","p":"0.00000141","f":6510930},{"m":false,"E":1595711267722,"l":6510931,"M":true,"q":"34051.00000000","s":"DOCKBTC","a":4075327,"T":1595711267719,"e":"aggTrade","p":"0.00000141","f":6510931},{"m":false,"E":1595711267727,"l":6510932,"M":true,"q":"18710.00000000","s":"DOCKBTC","a":4075328,"T":1595711267726,"e":"aggTrade","p":"0.00000141","f":6510932},{"m":false,"E":1595711267727,"l":6510933,"M":true,"q":"1155.00000000","s":"DOCKBTC","a":4075329,"T":1595711267726,"e":"aggTrade","p":"0.00000141","f":6510933},{"m":false,"E":1595711267730,"l":6510934,"M":true,"q":"26062.00000000","s":"DOCKBTC","a":4075330,"T":1595711267729,"e":"aggTrade","p":"0.00000141","f":6510934},{"m":false,"E":1595711267833,"l":6510935,"M":true,"q":"3561.00000000","s":"DOCKBTC","a":4075331,"T":1595711267832,"e":"aggTrade","p":"0.00000141","f":6510935},{"m":false,"E":1595711267834,"l":6510936,"M":true,"q":"30563.00000000","s":"DOCKBTC","a":4075332,"T":1595711267833,"e":"aggTrade","p":"0.00000141","f":6510936},{"m":false,"E":1595711268094,"l":6510937,"M":true,"q":"522.00000000","s":"DOCKBTC","a":4075333,"T":1595711268093,"e":"aggTrade","p":"0.00000141","f":6510937},{"m":false,"E":1595711268785,"l":6510938,"M":true,"q":"1799.00000000","s":"DOCKBTC","a":4075334,"T":1595711268784,"e":"aggTrade","p":"0.00000141","f":6510938},{"m":false,"E":1595711268793,"l":6510939,"M":true,"q":"1999.00000000","s":"DOCKBTC","a":4075335,"T":1595711268792,"e":"aggTrade","p":"0.00000141","f":6510939},{"m":false,"E":1595711269894,"l":6510940,"M":true,"q":"17701.00000000","s":"DOCKBTC","a":4075336,"T":1595711269893,"e":"aggTrade","p":"0.00000141","f":6510940},{"m":false,"E":1595711270202,"l":6510941,"M":true,"q":"6626.00000000","s":"DOCKBTC","a":4075337,"T":1595711270201,"e":"aggTrade","p":"0.00000141","f":6510941},{"m":true,"E":1595711277572,"l":6510952,"M":true,"q":"24969.00000000","s":"DOCKBTC","a":4075338,"T":1595711277570,"e":"aggTrade","p":"0.00000140","f":6510942},{"m":true,"E":1595711277573,"l":6510954,"M":true,"q":"56396.00000000","s":"DOCKBTC","a":4075339,"T":1595711277570,"e":"aggTrade","p":"0.00000140","f":6510953},{"m":true,"E":1595711279698,"l":6510955,"M":true,"q":"15263.00000000","s":"DOCKBTC","a":4075340,"T":1595711279697,"e":"aggTrade","p":"0.00000140","f":6510955},{"m":true,"E":1595711281069,"l":6510956,"M":true,"q":"1482.00000000","s":"DOCKBTC","a":4075341,"T":1595711281068,"e":"aggTrade","p":"0.00000140","f":6510956},{"m":false,"E":1595711284016,"l":6510957,"M":true,"q":"1345.00000000","s":"DOCKBTC","a":4075342,"T":1595711284015,"e":"aggTrade","p":"0.00000141","f":6510957},{"m":true,"E":1595711285523,"l":6510959,"M":true,"q":"4234.00000000","s":"DOCKBTC","a":4075343,"T":1595711285522,"e":"aggTrade","p":"0.00000140","f":6510958},{"m":false,"E":1595711295235,"l":6510960,"M":true,"q":"17730.00000000","s":"DOCKBTC","a":4075344,"T":1595711295234,"e":"aggTrade","p":"0.00000141","f":6510960},{"m":true,"E":1595711300507,"l":6510962,"M":true,"q":"7064.00000000","s":"DOCKBTC","a":4075345,"T":1595711300506,"e":"aggTrade","p":"0.00000140","f":6510961},{"m":true,"E":1595711315570,"l":6510963,"M":true,"q":"400.00000000","s":"DOCKBTC","a":4075346,"T":1595711315569,"e":"aggTrade","p":"0.00000140","f":6510963}],[{"m":false,"E":1595712624911,"l":6511215,"M":true,"q":"1028.00000000","s":"DOCKBTC","a":4075452,"T":1595712624911,"e":"aggTrade","p":"0.00000146","f":6511215},{"m":false,"E":1595712625161,"l":6511216,"M":true,"q":"1028.00000000","s":"DOCKBTC","a":4075453,"T":1595712625160,"e":"aggTrade","p":"0.00000146","f":6511216},{"m":false,"E":1595712625384,"l":6511217,"M":true,"q":"1028.00000000","s":"DOCKBTC","a":4075454,"T":1595712625383,"e":"aggTrade","p":"0.00000146","f":6511217},{"m":false,"E":1595712626953,"l":6511218,"M":true,"q":"76753.00000000","s":"DOCKBTC","a":4075455,"T":1595712626952,"e":"aggTrade","p":"0.00000146","f":6511218},{"m":true,"E":1595712628058,"l":6511219,"M":true,"q":"140.00000000","s":"DOCKBTC","a":4075456,"T":1595712628057,"e":"aggTrade","p":"0.00000145","f":6511219},{"m":false,"E":1595712628095,"l":6511224,"M":true,"q":"616438.00000000","s":"DOCKBTC","a":4075457,"T":1595712628094,"e":"aggTrade","p":"0.00000146","f":6511220},{"m":false,"E":1595712631765,"l":6511225,"M":true,"q":"513699.00000000","s":"DOCKBTC","a":4075458,"T":1595712631764,"e":"aggTrade","p":"0.00000146","f":6511225},{"m":false,"E":1595712634454,"l":6511226,"M":true,"q":"246575.00000000","s":"DOCKBTC","a":4075459,"T":1595712634453,"e":"aggTrade","p":"0.00000146","f":6511226},{"m":false,"E":1595712634608,"l":6511227,"M":true,"q":"4110.00000000","s":"DOCKBTC","a":4075460,"T":1595712634606,"e":"aggTrade","p":"0.00000146","f":6511227},{"m":false,"E":1595712634817,"l":6511228,"M":true,"q":"25302.00000000","s":"DOCKBTC","a":4075461,"T":1595712634816,"e":"aggTrade","p":"0.00000146","f":6511228},{"m":false,"E":1595712636866,"l":6511229,"M":true,"q":"7473.00000000","s":"DOCKBTC","a":4075462,"T":1595712636865,"e":"aggTrade","p":"0.00000146","f":6511229},{"m":false,"E":1595712637222,"l":6511230,"M":true,"q":"301370.00000000","s":"DOCKBTC","a":4075463,"T":1595712637221,"e":"aggTrade","p":"0.00000146","f":6511230},{"m":false,"E":1595712638023,"l":6511231,"M":true,"q":"4110.00000000","s":"DOCKBTC","a":4075464,"T":1595712638022,"e":"aggTrade","p":"0.00000146","f":6511231},{"m":false,"E":1595712640493,"l":6511232,"M":true,"q":"20548.00000000","s":"DOCKBTC","a":4075465,"T":1595712640492,"e":"aggTrade","p":"0.00000146","f":6511232},{"m":false,"E":1595712644849,"l":6511233,"M":true,"q":"20548.00000000","s":"DOCKBTC","a":4075466,"T":1595712644848,"e":"aggTrade","p":"0.00000146","f":6511233},{"m":false,"E":1595712646095,"l":6511234,"M":true,"q":"343.00000000","s":"DOCKBTC","a":4075467,"T":1595712646095,"e":"aggTrade","p":"0.00000146","f":6511234},{"m":false,"E":1595712646153,"l":6511235,"M":true,"q":"5480.00000000","s":"DOCKBTC","a":4075468,"T":1595712646152,"e":"aggTrade","p":"0.00000146","f":6511235},{"m":false,"E":1595712647350,"l":6511236,"M":true,"q":"137.00000000","s":"DOCKBTC","a":4075469,"T":1595712647349,"e":"aggTrade","p":"0.00000146","f":6511236},{"m":true,"E":1595712647850,"l":6511237,"M":true,"q":"68.00000000","s":"DOCKBTC","a":4075470,"T":1595712647850,"e":"aggTrade","p":"0.00000145","f":6511237},{"m":false,"E":1595712651197,"l":6511242,"M":true,"q":"537218.00000000","s":"DOCKBTC","a":4075471,"T":1595712651195,"e":"aggTrade","p":"0.00000146","f":6511238},{"m":false,"E":1595712661096,"l":6511247,"M":true,"q":"8163.00000000","s":"DOCKBTC","a":4075472,"T":1595712661094,"e":"aggTrade","p":"0.00000147","f":6511243},{"m":false,"E":1595712667256,"l":6511264,"M":true,"q":"244898.00000000","s":"DOCKBTC","a":4075473,"T":1595712667252,"e":"aggTrade","p":"0.00000147","f":6511248},{"m":false,"E":1595712667308,"l":6511268,"M":true,"q":"89000.00000000","s":"DOCKBTC","a":4075474,"T":1595712667307,"e":"aggTrade","p":"0.00000147","f":6511265},{"m":false,"E":1595712670345,"l":6511269,"M":true,"q":"299320.00000000","s":"DOCKBTC","a":4075475,"T":1595712670344,"e":"aggTrade","p":"0.00000147","f":6511269},{"m":true,"E":1595712671426,"l":6511270,"M":true,"q":"1040.00000000","s":"DOCKBTC","a":4075476,"T":1595712671425,"e":"aggTrade","p":"0.00000146","f":6511270},{"m":false,"E":1595712672993,"l":6511271,"M":true,"q":"111764.00000000","s":"DOCKBTC","a":4075477,"T":1595712672992,"e":"aggTrade","p":"0.00000147","f":6511271},{"m":false,"E":1595712673750,"l":6511272,"M":true,"q":"24490.00000000","s":"DOCKBTC","a":4075478,"T":1595712673749,"e":"aggTrade","p":"0.00000147","f":6511272},{"m":false,"E":1595712673868,"l":6511273,"M":true,"q":"28524.00000000","s":"DOCKBTC","a":4075479,"T":1595712673867,"e":"aggTrade","p":"0.00000147","f":6511273},{"m":false,"E":1595712675492,"l":6511274,"M":true,"q":"16838.00000000","s":"DOCKBTC","a":4075480,"T":1595712675491,"e":"aggTrade","p":"0.00000147","f":6511274},{"m":false,"E":1595712678469,"l":6511275,"M":true,"q":"17007.00000000","s":"DOCKBTC","a":4075481,"T":1595712678468,"e":"aggTrade","p":"0.00000147","f":6511275},{"m":false,"E":1595712679570,"l":6511276,"M":true,"q":"145696.00000000","s":"DOCKBTC","a":4075482,"T":1595712679569,"e":"aggTrade","p":"0.00000147","f":6511276},{"m":false,"E":1595712682353,"l":6511277,"M":true,"q":"268614.00000000","s":"DOCKBTC","a":4075483,"T":1595712682352,"e":"aggTrade","p":"0.00000147","f":6511277},{"m":true,"E":1595712682415,"l":6511278,"M":true,"q":"3585.00000000","s":"DOCKBTC","a":4075484,"T":1595712682414,"e":"aggTrade","p":"0.00000147","f":6511278},{"m":true,"E":1595712682514,"l":6511279,"M":true,"q":"4779.00000000","s":"DOCKBTC","a":4075485,"T":1595712682513,"e":"aggTrade","p":"0.00000147","f":6511279},{"m":true,"E":1595712682625,"l":6511280,"M":true,"q":"2363.00000000","s":"DOCKBTC","a":4075486,"T":1595712682624,"e":"aggTrade","p":"0.00000147","f":6511280},{"m":true,"E":1595712682720,"l":6511281,"M":true,"q":"2696.00000000","s":"DOCKBTC","a":4075487,"T":1595712682719,"e":"aggTrade","p":"0.00000147","f":6511281},{"m":true,"E":1595712688377,"l":6511282,"M":true,"q":"1476.00000000","s":"DOCKBTC","a":4075488,"T":1595712688376,"e":"aggTrade","p":"0.00000147","f":6511282},{"m":true,"E":1595712688815,"l":6511286,"M":true,"q":"372694.00000000","s":"DOCKBTC","a":4075489,"T":1595712688814,"e":"aggTrade","p":"0.00000147","f":6511283},{"m":true,"E":1595712689929,"l":6511288,"M":true,"q":"16494.00000000","s":"DOCKBTC","a":4075490,"T":1595712689928,"e":"aggTrade","p":"0.00000146","f":6511287},{"m":true,"E":1595712689964,"l":6511289,"M":true,"q":"845.00000000","s":"DOCKBTC","a":4075491,"T":1595712689963,"e":"aggTrade","p":"0.00000146","f":6511289},{"m":true,"E":1595712689982,"l":6511291,"M":true,"q":"7043.00000000","s":"DOCKBTC","a":4075492,"T":1595712689981,"e":"aggTrade","p":"0.00000146","f":6511290},{"m":false,"E":1595712690681,"l":6511292,"M":true,"q":"498.00000000","s":"DOCKBTC","a":4075493,"T":1595712690679,"e":"aggTrade","p":"0.00000147","f":6511292},{"m":false,"E":1595712694672,"l":6511293,"M":true,"q":"612245.00000000","s":"DOCKBTC","a":4075494,"T":1595712694671,"e":"aggTrade","p":"0.00000147","f":6511293},{"m":true,"E":1595712695086,"l":6511294,"M":true,"q":"1476.00000000","s":"DOCKBTC","a":4075495,"T":1595712695085,"e":"aggTrade","p":"0.00000146","f":6511294},{"m":false,"E":1595712701313,"l":6511295,"M":true,"q":"20408.00000000","s":"DOCKBTC","a":4075496,"T":1595712701312,"e":"aggTrade","p":"0.00000147","f":6511295},{"m":true,"E":1595712701845,"l":6511296,"M":true,"q":"1476.00000000","s":"DOCKBTC","a":4075497,"T":1595712701844,"e":"aggTrade","p":"0.00000146","f":6511296},{"m":false,"E":1595712703312,"l":6511298,"M":true,"q":"99907.00000000","s":"DOCKBTC","a":4075498,"T":1595712703310,"e":"aggTrade","p":"0.00000147","f":6511297},{"m":true,"E":1595712703323,"l":6511299,"M":true,"q":"18857.00000000","s":"DOCKBTC","a":4075499,"T":1595712703322,"e":"aggTrade","p":"0.00000147","f":6511299},{"m":true,"E":1595712703703,"l":6511300,"M":true,"q":"18857.00000000","s":"DOCKBTC","a":4075500,"T":1595712703702,"e":"aggTrade","p":"0.00000147","f":6511300},{"m":true,"E":1595712703869,"l":6511301,"M":true,"q":"7000.00000000","s":"DOCKBTC","a":4075501,"T":1595712703868,"e":"aggTrade","p":"0.00000147","f":6511301},{"m":true,"E":1595712707064,"l":6511302,"M":true,"q":"1858.00000000","s":"DOCKBTC","a":4075502,"T":1595712707062,"e":"aggTrade","p":"0.00000147","f":6511302},{"m":true,"E":1595712707163,"l":6511303,"M":true,"q":"3348.00000000","s":"DOCKBTC","a":4075503,"T":1595712707162,"e":"aggTrade","p":"0.00000147","f":6511303},{"m":true,"E":1595712708531,"l":6511304,"M":true,"q":"11886.00000000","s":"DOCKBTC","a":4075504,"T":1595712708530,"e":"aggTrade","p":"0.00000147","f":6511304},{"m":true,"E":1595712708674,"l":6511305,"M":true,"q":"1474.00000000","s":"DOCKBTC","a":4075505,"T":1595712708672,"e":"aggTrade","p":"0.00000147","f":6511305},{"m":true,"E":1595712714859,"l":6511307,"M":true,"q":"1474.00000000","s":"DOCKBTC","a":4075506,"T":1595712714858,"e":"aggTrade","p":"0.00000147","f":6511306},{"m":false,"E":1595712715613,"l":6511308,"M":true,"q":"811.00000000","s":"DOCKBTC","a":4075507,"T":1595712715612,"e":"aggTrade","p":"0.00000148","f":6511308},{"m":true,"E":1595712720264,"l":6511309,"M":true,"q":"7473.00000000","s":"DOCKBTC","a":4075508,"T":1595712720263,"e":"aggTrade","p":"0.00000147","f":6511309},{"m":true,"E":1595712721865,"l":6511311,"M":true,"q":"16922.00000000","s":"DOCKBTC","a":4075509,"T":1595712721864,"e":"aggTrade","p":"0.00000147","f":6511310},{"m":true,"E":1595712724007,"l":6511312,"M":true,"q":"1474.00000000","s":"DOCKBTC","a":4075510,"T":1595712724006,"e":"aggTrade","p":"0.00000146","f":6511312},{"m":false,"E":1595712725564,"l":6511313,"M":true,"q":"65306.00000000","s":"DOCKBTC","a":4075511,"T":1595712725563,"e":"aggTrade","p":"0.00000147","f":6511313},{"m":false,"E":1595712729322,"l":6511314,"M":true,"q":"20408.00000000","s":"DOCKBTC","a":4075512,"T":1595712729321,"e":"aggTrade","p":"0.00000147","f":6511314},{"m":true,"E":1595712730470,"l":6511315,"M":true,"q":"1474.00000000","s":"DOCKBTC","a":4075513,"T":1595712730469,"e":"aggTrade","p":"0.00000146","f":6511315},{"m":true,"E":1595712731738,"l":6511316,"M":true,"q":"1742.00000000","s":"DOCKBTC","a":4075514,"T":1595712731737,"e":"aggTrade","p":"0.00000146","f":6511316},{"m":true,"E":1595712732609,"l":6511318,"M":true,"q":"41869.00000000","s":"DOCKBTC","a":4075515,"T":1595712732608,"e":"aggTrade","p":"0.00000146","f":6511317},{"m":true,"E":1595712733344,"l":6511319,"M":true,"q":"2901.00000000","s":"DOCKBTC","a":4075516,"T":1595712733343,"e":"aggTrade","p":"0.00000146","f":6511319},{"m":false,"E":1595712733427,"l":6511320,"M":true,"q":"17007.00000000","s":"DOCKBTC","a":4075517,"T":1595712733426,"e":"aggTrade","p":"0.00000147","f":6511320},{"m":true,"E":1595712734782,"l":6511321,"M":true,"q":"70.00000000","s":"DOCKBTC","a":4075518,"T":1595712734781,"e":"aggTrade","p":"0.00000146","f":6511321},{"m":true,"E":1595712735367,"l":6511322,"M":true,"q":"138.00000000","s":"DOCKBTC","a":4075519,"T":1595712735365,"e":"aggTrade","p":"0.00000146","f":6511322},{"m":true,"E":1595712735630,"l":6511323,"M":true,"q":"2110.00000000","s":"DOCKBTC","a":4075520,"T":1595712735628,"e":"aggTrade","p":"0.00000146","f":6511323},{"m":true,"E":1595712735649,"l":6511324,"M":true,"q":"91.00000000","s":"DOCKBTC","a":4075521,"T":1595712735648,"e":"aggTrade","p":"0.00000146","f":6511324},{"m":false,"E":1595712735771,"l":6511325,"M":true,"q":"77026.00000000","s":"DOCKBTC","a":4075522,"T":1595712735770,"e":"aggTrade","p":"0.00000147","f":6511325},{"m":false,"E":1595712736063,"l":6511326,"M":true,"q":"401.00000000","s":"DOCKBTC","a":4075523,"T":1595712736062,"e":"aggTrade","p":"0.00000147","f":6511326},{"m":true,"E":1595712738975,"l":6511327,"M":true,"q":"76.00000000","s":"DOCKBTC","a":4075524,"T":1595712738974,"e":"aggTrade","p":"0.00000146","f":6511327},{"m":true,"E":1595712738983,"l":6511328,"M":true,"q":"1474.00000000","s":"DOCKBTC","a":4075525,"T":1595712738982,"e":"aggTrade","p":"0.00000146","f":6511328},{"m":true,"E":1595712740626,"l":6511329,"M":true,"q":"1474.00000000","s":"DOCKBTC","a":4075526,"T":1595712740625,"e":"aggTrade","p":"0.00000146","f":6511329},{"m":true,"E":1595712741180,"l":6511330,"M":true,"q":"1474.00000000","s":"DOCKBTC","a":4075527,"T":1595712741178,"e":"aggTrade","p":"0.00000146","f":6511330},{"m":true,"E":1595712741281,"l":6511331,"M":true,"q":"16731.00000000","s":"DOCKBTC","a":4075528,"T":1595712741280,"e":"aggTrade","p":"0.00000146","f":6511331},{"m":true,"E":1595712741449,"l":6511332,"M":true,"q":"1474.00000000","s":"DOCKBTC","a":4075529,"T":1595712741448,"e":"aggTrade","p":"0.00000146","f":6511332},{"m":false,"E":1595712742270,"l":6511333,"M":true,"q":"6375.00000000","s":"DOCKBTC","a":4075530,"T":1595712742269,"e":"aggTrade","p":"0.00000147","f":6511333}]]},{"peak":"-5.90586146|300,4.41829485|360,-3.97965952|870,5.21777581|360,-8.38077887|360,6.83215668|1230,-12.35928144|2340,3.01796407|660,-9.38453713|1470,8.95218718|1920,-6.69987547|1890,3.91033624|900,-5.06169731|450,17.95517502|540,-22.26572696|2700,7.83085356|1890,-4.02921179|930,5.26315789|1230,-4.18743769|900,3.68893320|1320,-7.49354005|450,3.79844961|30,-3.98653896|660,4.78902407|1860,-7.65957447|4353","transactionList":[{},{},{},{},{},{},{},{},{},{},{},{},{},{},{},{},{},{},{},{},{},{},{},{},{}]},{"peak":"-4.15841584|1560,4.95049505|480,-3.92156863|330,12.74509804|2070,-4.35571688|600,15.60798548|930,-9.63855422|570,3.27022375|180,-3.80622837|120,4.32525952|150,-6.34920635|510,5.46737213|1140,-10.12891344|5070,6.44567219|1920,-6.25000000|720,10.29411765|3210,-9.89010989|4110,5.49450549|1950,-5.68807339|1260,3.85321101|105,-5.20446097|1203,3.34572491|1522","transactionList":[{},{},{},{},{},{},{},{},{},{},{},{},{},{},{},{},{},{},{},{},{},{}]},{"peak":"-4.59518600|630,7.22100656|2010,-6.06060606|60,3.89610390|300,-3.44827586|600,7.54310345|2880,-4.39330544|390,11.50627615|1410,-3.89863548|900,4.09356725|930,-13.61702128|3510,4.89361702|210,-4.22832981|270,3.59408034|720,-11.36363636|1350,3.63636364|60,-4.10958904|120,6.16438356|420,-4.49438202|990,7.86516854|2640,-3.89610390|630,9.95670996|1410,-5.39419087|240,3.94190871|420,-6.14406780|390,21.82203390|2070,-8.49056604|480,4.52830189|180,-11.24497992|630,5.22088353|915,-4.59081836|210,5.38922156|168,-6.45161290|573,6.45161290|843,-3.93700787|88,5.11811024|25,-5.11811024|104,4.33070866|90,4.33070866|90","transactionList":[{},{},{},{},{},{},{},{},{},{},{},{},{},{},{},{},{},{},{},{},{},{},{},{},{},{},{},{},{},{},{},{},{},{},{},{},{},{},[{"m":false,"l":1900372,"M":true,"q":"30000.00000000","a":1048198,"T":1595704603541,"p":"0.00000264","f":1900369},{"m":false,"l":1900373,"M":true,"q":"13354.00000000","a":1048199,"T":1595704603703,"p":"0.00000264","f":1900373},{"m":false,"l":1900379,"M":true,"q":"16646.00000000","a":1048200,"T":1595704603703,"p":"0.00000265","f":1900374},{"m":true,"l":1900380,"M":true,"q":"123.00000000","a":1048201,"T":1595704603811,"p":"0.00000264","f":1900380},{"m":false,"l":1900381,"M":true,"q":"30000.00000000","a":1048202,"T":1595704603876,"p":"0.00000265","f":1900381},{"m":true,"l":1900384,"M":true,"q":"10853.00000000","a":1048203,"T":1595704603955,"p":"0.00000264","f":1900382},{"m":false,"l":1900386,"M":true,"q":"4601.00000000","a":1048204,"T":1595704604047,"p":"0.00000264","f":1900385},{"m":false,"l":1900397,"M":true,"q":"25399.00000000","a":1048205,"T":1595704604047,"p":"0.00000265","f":1900387},{"m":false,"l":1900398,"M":true,"q":"30000.00000000","a":1048206,"T":1595704604208,"p":"0.00000265","f":1900398},{"m":false,"l":1900402,"M":true,"q":"30000.00000000","a":1048207,"T":1595704604365,"p":"0.00000265","f":1900399},{"m":false,"l":1900404,"M":true,"q":"10616.00000000","a":1048208,"T":1595704604524,"p":"0.00000265","f":1900403},{"m":false,"l":1900422,"M":true,"q":"19384.00000000","a":1048209,"T":1595704604524,"p":"0.00000266","f":1900405},{"m":true,"l":1900423,"M":true,"q":"2300.00000000","a":1048210,"T":1595704604532,"p":"0.00000265","f":1900423},{"m":false,"l":1900424,"M":true,"q":"2300.00000000","a":1048211,"T":1595704604682,"p":"0.00000265","f":1900424},{"m":false,"l":1900426,"M":true,"q":"27700.00000000","a":1048212,"T":1595704604682,"p":"0.00000266","f":1900425},{"m":false,"l":1900428,"M":true,"q":"30000.00000000","a":1048213,"T":1595704604840,"p":"0.00000266","f":1900427},{"m":false,"l":1900429,"M":true,"q":"30000.00000000","a":1048214,"T":1595704605000,"p":"0.00000266","f":1900429},{"m":true,"l":1900430,"M":true,"q":"20483.00000000","a":1048215,"T":1595704605506,"p":"0.00000265","f":1900430},{"m":true,"l":1900431,"M":true,"q":"613.00000000","a":1048216,"T":1595704605507,"p":"0.00000265","f":1900431},{"m":true,"l":1900432,"M":true,"q":"569.00000000","a":1048217,"T":1595704606136,"p":"0.00000265","f":1900432},{"m":true,"l":1900433,"M":true,"q":"1377.00000000","a":1048218,"T":1595704606160,"p":"0.00000265","f":1900433},{"m":true,"l":1900434,"M":true,"q":"91.00000000","a":1048219,"T":1595704606232,"p":"0.00000265","f":1900434},{"m":false,"l":1900435,"M":true,"q":"188.00000000","a":1048220,"T":1595704606320,"p":"0.00000265","f":1900435},{"m":false,"l":1900436,"M":true,"q":"165.00000000","a":1048221,"T":1595704606916,"p":"0.00000265","f":1900436},{"m":false,"l":1900437,"M":true,"q":"76.00000000","a":1048222,"T":1595704607068,"p":"0.00000265","f":1900437},{"m":false,"l":1900438,"M":true,"q":"68.00000000","a":1048223,"T":1595704607170,"p":"0.00000265","f":1900438},{"m":false,"l":1900439,"M":true,"q":"68.00000000","a":1048224,"T":1595704607517,"p":"0.00000265","f":1900439},{"m":false,"l":1900440,"M":true,"q":"76.00000000","a":1048225,"T":1595704607538,"p":"0.00000265","f":1900440},{"m":true,"l":1900442,"M":true,"q":"577.00000000","a":1048226,"T":1595704608014,"p":"0.00000264","f":1900441},{"m":false,"l":1900443,"M":true,"q":"76.00000000","a":1048227,"T":1595704616750,"p":"0.00000265","f":1900443}]]},{"peak":"-4.97076023|210,16.95906433|330,-4.84927916|60,5.89777195|180,-8.89487871|360,5.79514825|60,-7.97799175|390,6.60247593|600,-9.61810467|1080,6.64780764|1500,-8.48920863|2220,10.93525180|1110,-3.21285141|240,23.15930388|1620,-13.72064277|1260,5.06798517|330,-8.28025478|510,3.69426752|210,-6.12777053|420,24.11994785|960,-3.93013100|60,15.06550218|330,-4.66732870|60,35.94836147|390,-12.12121212|210,15.64291564|390,-7.45814307|150,9.43683409|210,-15.04000000|330,11.12000000|90,-13.94585726|570,5.74241181|120,-4.62662338|240,10.55194805|420,-3.81097561|120,7.01219512|870,-8.41698842|390,3.39768340|540,-13.09121622|1920,43.91891892|1140,-4.22018349|60,20.12232416|60,-15.59741024|210,6.12124779|60,-9.47176685|150,9.10746812|90,-6.77361854|270,17.94414736|90,-15.74344023|240,15.10204082|90,-28.68318123|210,4.82398957|510,-5.16677567|210,6.27861347|390,-3.10913706|30,5.13959391|90,-12.87465940|810,14.30517711|450,-5.26976161|90,8.15558344|120,-17.19918423|480,13.80013596|306,-8.70129870|117,6.36363636|183,-4.66453674|75,5.94249201|90,-4.14572864|135,9.10804020|210,-7.28844966|321,8.02964793|132,-15.21739130|1314,-17.46138348|1531","transactionList":[{},{},{},{},{},{},{},{},{},{},{},{},{},{},{},{},{},{},{},{},{},{},{},{},{},{},{},{},{},{},{},{},{},{},{},{},{},{},{},{},{},{},{},{},{},{},{},{},{},{},{},{},{},{},{},{},{},{},{},{},{},{},{},{},{},{},{},{},{},{},{},[{"m":true,"E":1595723985235,"l":6516820,"M":true,"q":"17.00000000","s":"BLZBTC","a":4950230,"T":1595723985234,"e":"aggTrade","p":"0.00000746","f":6516820},{"m":true,"E":1595724022299,"l":6516822,"M":true,"q":"3666.00000000","s":"BLZBTC","a":4950231,"T":1595724022297,"e":"aggTrade","p":"0.00000743","f":6516821},{"m":true,"E":1595724022299,"l":6516827,"M":true,"q":"1910.00000000","s":"BLZBTC","a":4950232,"T":1595724022297,"e":"aggTrade","p":"0.00000742","f":6516823},{"m":true,"E":1595724022299,"l":6516830,"M":true,"q":"4419.00000000","s":"BLZBTC","a":4950233,"T":1595724022297,"e":"aggTrade","p":"0.00000741","f":6516828},{"m":true,"E":1595724024543,"l":6516831,"M":true,"q":"48.00000000","s":"BLZBTC","a":4950234,"T":1595724024542,"e":"aggTrade","p":"0.00000746","f":6516831},{"m":false,"E":1595724036212,"l":6516834,"M":true,"q":"1375.00000000","s":"BLZBTC","a":4950235,"T":1595724036210,"e":"aggTrade","p":"0.00000747","f":6516832},{"m":false,"E":1595724036212,"l":6516837,"M":true,"q":"207.00000000","s":"BLZBTC","a":4950236,"T":1595724036210,"e":"aggTrade","p":"0.00000748","f":6516835},{"m":false,"E":1595724036212,"l":6516840,"M":true,"q":"2817.00000000","s":"BLZBTC","a":4950237,"T":1595724036210,"e":"aggTrade","p":"0.00000749","f":6516838},{"m":true,"E":1595724036358,"l":6516841,"M":true,"q":"2852.00000000","s":"BLZBTC","a":4950238,"T":1595724036356,"e":"aggTrade","p":"0.00000749","f":6516841}]]},{"peak":"-2.14669052|90,10.55456172|300,-6.13997424|120,4.16487763|60,-14.75875118|930,10.97445601|750,-15.28255528|2370,5.89680590|240,-5.12195122|240,5.07317073|120,-8.18684078|2280,15.77096936|2340,-7.15946072|990,5.90423059|450,-3.17028986|120,24.86413043|600,-7.19284603|150,22.08398134|90,-15.22935780|360,7.22935780|90,-7.90251108|240,4.72673560|90,-7.87371624|720,10.27006466|630,-8.69891264|930,4.64941882|270,-14.01143791|780,7.55718954|450,-4.40126883|690,15.62252181|570,-5.46112116|180,4.15913201|270,-5.64930301|300,10.30814380|360,-3.51118761|90,4.95697074|300,-4.99311295|240,3.61570248|150,-7.54110079|780,4.89635454|180,-4.56002850|120,5.73566085|780,-10.91180867|900,3.43796712|390,-8.54901961|1110,6.58823529|510,-4.98261877|1050,4.51911935|450,-10.44897959|2520,4.40816327|408,-6.89511074|824","transactionList":[{},{},{},{},{},{},{},{},{},{},{},{},{},{},{},{},{},{},{},{},{},{},{},{},{},{},{},{},{},{},{},{},{},{},{},{},{},{},{},{},{},{},{},{},{},{},{},{},{},{},{}]},{"peak":"11.59372419|1800,-5.56163100|1170,10.01406030|810,-3.13415349|150,10.66198008|840,-5.72268085|240,14.17377921|1950,-3.63220726|330,21.23444247|1530,-12.35875706|1020,5.36723164|270,-5.45411709|1110,9.71845918|780,-13.52998537|720,4.71721112|180,-3.14563573|570,4.40629127|450,-3.09425015|360,9.69768820|1650,-10.76131195|390,4.84797702|450,-3.37542783|150,6.03092175|210,-3.22877169|390,5.83706768|540,-3.27390963|360,10.06839332|1740,-9.82212775|810,3.35608010|810,-11.38034961|2340,3.73719108|960,-8.13018346|3549,3.64413169|321,-4.69662351|437","transactionList":[{},{},{},{},{},{},{},{},{},{},{},{},{},{},{},{},{},{},{},{},{},{},{},{},{},{},{},{},{},{},{},{},{},{}]},{"peak":"-4.66101695|1080,9.74576271|2490,-6.14754098|1800,3.27868852|270,-5.00000000|870,12.50000000|1500,-3.44827586|600,5.74712644|570,-4.54545455|1050,3.40909091|210,-9.63855422|2670,4.81927711|720,-3.57142857|840,3.17460317|420,-4.00000000|1170,8.80000000|420,-10.12145749|3300,8.50202429|570,-4.68750000|870,6.25000000|990,-3.81679389|960,14.50381679|1860,-6.76156584|450,3.20284698|330,-3.57142857|90,4.28571429|150,-7.35294118|909,8.45588235|831,-3.14685315|144,7.69230769|276,-7.69230769|570,4.19580420|360,-9.15750916|381,3.66300366|34,-8.84615385|117,4.23076923|10","transactionList":[{},{},{},{},{},{},{},{},{},{},{},{},{},{},{},{},{},{},{},{},{},{},{},{},{},{},{},{},{},{},{},{},{},{},{},{}]},{"peak":"49.82698962|330,-13.05483029|150,5.83115753|30,-3.40136054|60,7.14285714|120,-4.73815461|150,6.31753948|120,-3.31179321|120,32.47172859|150,-7.61154856|180,3.01837270|30,-15.44117647|330,12.05882353|180,-15.19274376|180,9.29705215|150,-6.40176600|150,4.26784400|90,-22.89679098|813,5.20381613|27,-5.11265165|153,3.03292894|66,-6.63677130|195,9.05829596|195,-8.28138914|267,7.12377560|72,-6.08465608|54,3.35097002|72,-13.89698737|417,5.24781341|258,-4.03458213|114,11.71950048|268,-3.93208222|42,5.63002681|71,-6.00896861|103,4.39461883|42,-3.83586084|52,3.12221231|16,-11.47540984|426,-11.47540984|426,5.11089682|57,-5.31400966|66,5.60386473|196","transactionList":[{},{},{},{},{},{},{},{},{},{},{},{},{},{},{},{},{},{},{},{},{},{},{},{},{},{},{},{},{},{},{},{},{},{},{},{},{},{},[{"m":false,"l":262829,"M":true,"q":"500.00000000","a":161255,"T":1595710920316,"p":"0.00000522","f":262828},{"m":true,"l":262830,"M":true,"q":"20.00000000","a":161256,"T":1595710945057,"p":"0.00000519","f":262830},{"m":true,"l":262832,"M":true,"q":"4206.00000000","a":161257,"T":1595710945057,"p":"0.00000518","f":262831},{"m":true,"l":262834,"M":true,"q":"13315.00000000","a":161258,"T":1595710949722,"p":"0.00000518","f":262833},{"m":true,"l":262846,"M":true,"q":"16380.00000000","a":161259,"T":1595710949722,"p":"0.00000517","f":262835},{"m":false,"l":262847,"M":true,"q":"20.00000000","a":161260,"T":1595710952599,"p":"0.00000519","f":262847},{"m":false,"l":262848,"M":true,"q":"339.00000000","a":161261,"T":1595710952599,"p":"0.00000520","f":262848},{"m":false,"l":262849,"M":true,"q":"95.00000000","a":161262,"T":1595710957850,"p":"0.00000518","f":262849},{"m":false,"l":262850,"M":true,"q":"2308.00000000","a":161263,"T":1595710958270,"p":"0.00000519","f":262850},{"m":false,"l":262851,"M":true,"q":"2217.00000000","a":161264,"T":1595710985296,"p":"0.00000519","f":262851},{"m":true,"l":262852,"M":true,"q":"381.00000000","a":161265,"T":1595711008933,"p":"0.00000518","f":262852}],[{"m":true,"E":1595714391774,"l":263422,"M":true,"q":"4935.00000000","s":"IRISBTC","a":161631,"T":1595714391773,"e":"aggTrade","p":"0.00000542","f":263422},{"m":true,"E":1595714406673,"l":263423,"M":true,"q":"16991.00000000","s":"IRISBTC","a":161632,"T":1595714406671,"e":"aggTrade","p":"0.00000542","f":263423},{"m":false,"E":1595714420595,"l":263425,"M":true,"q":"120.00000000","s":"IRISBTC","a":161633,"T":1595714420594,"e":"aggTrade","p":"0.00000544","f":263424},{"m":true,"E":1595714420602,"l":263426,"M":true,"q":"4030.00000000","s":"IRISBTC","a":161634,"T":1595714420601,"e":"aggTrade","p":"0.00000544","f":263426},{"m":false,"E":1595714448670,"l":263431,"M":true,"q":"11123.00000000","s":"IRISBTC","a":161635,"T":1595714448668,"e":"aggTrade","p":"0.00000545","f":263427},{"m":false,"E":1595714448677,"l":263432,"M":true,"q":"3102.00000000","s":"IRISBTC","a":161636,"T":1595714448673,"e":"aggTrade","p":"0.00000545","f":263432},{"m":true,"E":1595714448742,"l":263433,"M":true,"q":"5248.00000000","s":"IRISBTC","a":161637,"T":1595714448741,"e":"aggTrade","p":"0.00000544","f":263433},{"m":true,"E":1595714448742,"l":263434,"M":true,"q":"5875.00000000","s":"IRISBTC","a":161638,"T":1595714448741,"e":"aggTrade","p":"0.00000543","f":263434},{"m":false,"E":1595714452084,"l":263435,"M":true,"q":"300.00000000","s":"IRISBTC","a":161639,"T":1595714452083,"e":"aggTrade","p":"0.00000546","f":263435},{"m":true,"E":1595714458216,"l":263436,"M":true,"q":"956.00000000","s":"IRISBTC","a":161640,"T":1595714458215,"e":"aggTrade","p":"0.00000543","f":263436},{"m":true,"E":1595714465382,"l":263437,"M":true,"q":"1080.00000000","s":"IRISBTC","a":161641,"T":1595714465380,"e":"aggTrade","p":"0.00000543","f":263437},{"m":false,"E":1595714477459,"l":263438,"M":true,"q":"46.00000000","s":"IRISBTC","a":161642,"T":1595714477458,"e":"aggTrade","p":"0.00000544","f":263438},{"m":false,"E":1595714501921,"l":263448,"M":true,"q":"876.00000000","s":"IRISBTC","a":161643,"T":1595714501920,"e":"aggTrade","p":"0.00000544","f":263439},{"m":true,"E":1595714501937,"l":263449,"M":true,"q":"2316.00000000","s":"IRISBTC","a":161644,"T":1595714501936,"e":"aggTrade","p":"0.00000544","f":263449},{"m":true,"E":1595714501940,"l":263450,"M":true,"q":"615.00000000","s":"IRISBTC","a":161645,"T":1595714501939,"e":"aggTrade","p":"0.00000544","f":263450},{"m":false,"E":1595714502436,"l":263451,"M":true,"q":"97.00000000","s":"IRISBTC","a":161646,"T":1595714502435,"e":"aggTrade","p":"0.00000546","f":263451}],[{"m":true,"E":1595718431611,"l":264114,"M":true,"q":"3803.00000000","s":"IRISBTC","a":162053,"T":1595718431610,"e":"aggTrade","p":"0.00000519","f":264111},{"m":true,"E":1595718439675,"l":264115,"M":true,"q":"1738.00000000","s":"IRISBTC","a":162054,"T":1595718439673,"e":"aggTrade","p":"0.00000519","f":264115},{"m":true,"E":1595718439675,"l":264116,"M":true,"q":"7527.00000000","s":"IRISBTC","a":162055,"T":1595718439673,"e":"aggTrade","p":"0.00000518","f":264116},{"m":true,"E":1595718439675,"l":264120,"M":true,"q":"69556.00000000","s":"IRISBTC","a":162056,"T":1595718439673,"e":"aggTrade","p":"0.00000517","f":264117},{"m":false,"E":1595718442533,"l":264121,"M":true,"q":"20.00000000","s":"IRISBTC","a":162057,"T":1595718442532,"e":"aggTrade","p":"0.00000519","f":264121},{"m":true,"E":1595718450260,"l":264123,"M":true,"q":"244.00000000","s":"IRISBTC","a":162058,"T":1595718450259,"e":"aggTrade","p":"0.00000518","f":264122},{"m":true,"E":1595718453384,"l":264131,"M":true,"q":"110078.00000000","s":"IRISBTC","a":162059,"T":1595718453382,"e":"aggTrade","p":"0.00000517","f":264124},{"m":false,"E":1595718453397,"l":264132,"M":true,"q":"1930.00000000","s":"IRISBTC","a":162060,"T":1595718453396,"e":"aggTrade","p":"0.00000517","f":264132},{"m":false,"E":1595718453433,"l":264133,"M":true,"q":"93.00000000","s":"IRISBTC","a":162061,"T":1595718453432,"e":"aggTrade","p":"0.00000520","f":264133},{"m":false,"E":1595718453434,"l":264135,"M":true,"q":"218.00000000","s":"IRISBTC","a":162062,"T":1595718453433,"e":"aggTrade","p":"0.00000520","f":264134},{"m":false,"E":1595718453434,"l":264136,"M":true,"q":"1521.00000000","s":"IRISBTC","a":162063,"T":1595718453433,"e":"aggTrade","p":"0.00000520","f":264136},{"m":true,"E":1595718463478,"l":264137,"M":true,"q":"15395.00000000","s":"IRISBTC","a":162064,"T":1595718463477,"e":"aggTrade","p":"0.00000518","f":264137},{"m":true,"E":1595718466517,"l":264138,"M":true,"q":"1482.00000000","s":"IRISBTC","a":162065,"T":1595718466516,"e":"aggTrade","p":"0.00000517","f":264138},{"m":true,"E":1595718480946,"l":264141,"M":true,"q":"5081.00000000","s":"IRISBTC","a":162066,"T":1595718480945,"e":"aggTrade","p":"0.00000516","f":264139},{"m":true,"E":1595718480946,"l":264142,"M":true,"q":"404.00000000","s":"IRISBTC","a":162067,"T":1595718480945,"e":"aggTrade","p":"0.00000516","f":264142},{"m":false,"E":1595718484945,"l":264145,"M":true,"q":"973.00000000","s":"IRISBTC","a":162068,"T":1595718484944,"e":"aggTrade","p":"0.00000519","f":264143},{"m":false,"E":1595718489671,"l":264146,"M":true,"q":"45.00000000","s":"IRISBTC","a":162069,"T":1595718489670,"e":"aggTrade","p":"0.00000518","f":264146},{"m":false,"E":1595718490767,"l":264147,"M":true,"q":"125.00000000","s":"IRISBTC","a":162070,"T":1595718490766,"e":"aggTrade","p":"0.00000518","f":264147},{"m":false,"E":1595718491664,"l":264148,"M":true,"q":"116.00000000","s":"IRISBTC","a":162071,"T":1595718491663,"e":"aggTrade","p":"0.00000518","f":264148},{"m":false,"E":1595718492327,"l":264149,"M":true,"q":"561.00000000","s":"IRISBTC","a":162072,"T":1595718492326,"e":"aggTrade","p":"0.00000518","f":264149},{"m":true,"E":1595718493754,"l":264150,"M":true,"q":"383.00000000","s":"IRISBTC","a":162073,"T":1595718493753,"e":"aggTrade","p":"0.00000518","f":264150},{"m":false,"E":1595718496990,"l":264151,"M":true,"q":"114.00000000","s":"IRISBTC","a":162074,"T":1595718496989,"e":"aggTrade","p":"0.00000518","f":264151},{"m":false,"E":1595718497938,"l":264152,"M":true,"q":"1003.00000000","s":"IRISBTC","a":162075,"T":1595718497937,"e":"aggTrade","p":"0.00000519","f":264152},{"m":false,"E":1595718509066,"l":264153,"M":true,"q":"20.00000000","s":"IRISBTC","a":162076,"T":1595718509065,"e":"aggTrade","p":"0.00000518","f":264153},{"m":false,"E":1595718510665,"l":264154,"M":true,"q":"7638.00000000","s":"IRISBTC","a":162077,"T":1595718510664,"e":"aggTrade","p":"0.00000519","f":264154},{"m":false,"E":1595718511661,"l":264155,"M":true,"q":"5318.00000000","s":"IRISBTC","a":162078,"T":1595718511660,"e":"aggTrade","p":"0.00000519","f":264155},{"m":false,"E":1595718512467,"l":264156,"M":true,"q":"3394.00000000","s":"IRISBTC","a":162079,"T":1595718512466,"e":"aggTrade","p":"0.00000519","f":264156},{"m":false,"E":1595718514709,"l":264157,"M":true,"q":"124.00000000","s":"IRISBTC","a":162080,"T":1595718514708,"e":"aggTrade","p":"0.00000519","f":264157}],[{"m":false,"E":1595730207529,"l":265429,"M":true,"q":"104.00000000","s":"IRISBTC","a":162902,"T":1595730207528,"e":"aggTrade","p":"0.00000545","f":265429},{"m":false,"E":1595730207529,"l":265430,"M":true,"q":"5443.00000000","s":"IRISBTC","a":162903,"T":1595730207528,"e":"aggTrade","p":"0.00000546","f":265430},{"m":false,"E":1595730233730,"l":265434,"M":true,"q":"22134.00000000","s":"IRISBTC","a":162904,"T":1595730233729,"e":"aggTrade","p":"0.00000546","f":265431},{"m":true,"E":1595730233767,"l":265435,"M":true,"q":"13269.00000000","s":"IRISBTC","a":162905,"T":1595730233766,"e":"aggTrade","p":"0.00000546","f":265435},{"m":true,"E":1595730233793,"l":265436,"M":true,"q":"3296.00000000","s":"IRISBTC","a":162906,"T":1595730233792,"e":"aggTrade","p":"0.00000546","f":265436},{"m":true,"E":1595730234904,"l":265437,"M":true,"q":"1100.00000000","s":"IRISBTC","a":162907,"T":1595730234903,"e":"aggTrade","p":"0.00000546","f":265437},{"m":true,"E":1595730235251,"l":265438,"M":true,"q":"2334.00000000","s":"IRISBTC","a":162908,"T":1595730235250,"e":"aggTrade","p":"0.00000546","f":265438},{"m":true,"E":1595730235288,"l":265439,"M":true,"q":"1045.00000000","s":"IRISBTC","a":162909,"T":1595730235287,"e":"aggTrade","p":"0.00000546","f":265439},{"m":false,"E":1595730241003,"l":265443,"M":true,"q":"2733.00000000","s":"IRISBTC","a":162910,"T":1595730241001,"e":"aggTrade","p":"0.00000547","f":265440},{"m":true,"E":1595730243453,"l":265444,"M":true,"q":"800.00000000","s":"IRISBTC","a":162911,"T":1595730243452,"e":"aggTrade","p":"0.00000546","f":265444},{"m":false,"E":1595730244683,"l":265447,"M":true,"q":"5506.00000000","s":"IRISBTC","a":162912,"T":1595730244681,"e":"aggTrade","p":"0.00000547","f":265445},{"m":false,"E":1595730255754,"l":265448,"M":true,"q":"1805.00000000","s":"IRISBTC","a":162913,"T":1595730255752,"e":"aggTrade","p":"0.00000547","f":265448},{"m":true,"E":1595730260118,"l":265449,"M":true,"q":"1126.00000000","s":"IRISBTC","a":162914,"T":1595730260117,"e":"aggTrade","p":"0.00000546","f":265449},{"m":false,"E":1595730262837,"l":265450,"M":true,"q":"85.00000000","s":"IRISBTC","a":162915,"T":1595730262836,"e":"aggTrade","p":"0.00000547","f":265450},{"m":true,"E":1595730267251,"l":265451,"M":true,"q":"1721.00000000","s":"IRISBTC","a":162916,"T":1595730267250,"e":"aggTrade","p":"0.00000546","f":265451},{"m":true,"E":1595730267290,"l":265452,"M":true,"q":"800.00000000","s":"IRISBTC","a":162917,"T":1595730267289,"e":"aggTrade","p":"0.00000546","f":265452},{"m":true,"E":1595730274820,"l":265453,"M":true,"q":"1082.00000000","s":"IRISBTC","a":162918,"T":1595730274819,"e":"aggTrade","p":"0.00000546","f":265453},{"m":false,"E":1595730283656,"l":265454,"M":true,"q":"5517.00000000","s":"IRISBTC","a":162919,"T":1595730283655,"e":"aggTrade","p":"0.00000547","f":265454},{"m":true,"E":1595730287314,"l":265455,"M":true,"q":"1075.00000000","s":"IRISBTC","a":162920,"T":1595730287313,"e":"aggTrade","p":"0.00000546","f":265455},{"m":true,"E":1595730291263,"l":265456,"M":true,"q":"504.00000000","s":"IRISBTC","a":162921,"T":1595730291262,"e":"aggTrade","p":"0.00000546","f":265456},{"m":true,"E":1595730291440,"l":265457,"M":true,"q":"473.00000000","s":"IRISBTC","a":162922,"T":1595730291439,"e":"aggTrade","p":"0.00000546","f":265457},{"m":true,"E":1595730292982,"l":265458,"M":true,"q":"1133.00000000","s":"IRISBTC","a":162923,"T":1595730292981,"e":"aggTrade","p":"0.00000546","f":265458}]]},{"peak":"8.76923077|2520,-5.20833333|810,7.88690476|870,-5.07246377|150,6.52173913|630,-3.23033708|90,3.79213483|420,-8.51688693|1110,3.08370044|750,-4.30906389|240,10.84695394|1170,-3.18118949|420,8.02213001|540,-6.40326975|1140,8.58310627|120,-5.56291391|420,4.23841060|540,-8.70165746|960,6.21546961|420,-3.91891892|180,14.59459459|1200,-3.79436965|60,12.11750306|120,-16.53944020|690,3.81679389|270,-10.41948579|480,7.03653586|330,-5.46666667|630,4.40000000|780,-5.38358008|630,16.68909825|1860,-3.83233533|420,8.86227545|570,-4.60299194|60,28.19332566|450,-11.73520562|330,19.15747242|210,-7.51131222|90,4.43438914|60,-5.19598906|90,4.19325433|60,-10.64859632|600,24.20135528|180,-8.36148649|90,4.98310811|60,-5.96760443|60,4.51832907|60,-3.54729730|60,10.05067568|720,-5.08064516|420,14.43548387|570,-7.66312595|150,6.06980273|150,-3.55555556|270,4.07407407|210,-24.55673759|882,19.14893617|693,-3.14658480|27,3.06983883|9,-5.83136328|78,3.15208826|27,-5.30973451|105,3.78117458|9,-4.20032310|309,7.43134087|222,-8.13008130|497,8.13008130|208,-6.06060606|208,4.06698565|124,-3.90127389|84,-4.48358687|88,4.88390713|69","transactionList":[{},{},{},{},{},{},{},{},{},{},{},{},{},{},{},{},{},{},{},{},{},{},{},{},{},{},{},{},{},{},{},{},{},{},{},{},{},{},{},{},{},{},{},{},{},{},{},{},{},{},{},{},{},{},{},{},{},{},{},{},{},{},{},{},{},{},{},{},{},{},[{"m":false,"E":1595711155613,"l":1015745,"M":true,"q":"16.00000000","s":"CHRBTC","a":591352,"T":1595711155612,"e":"aggTrade","p":"0.00000628","f":1015745},{"m":false,"E":1595711166460,"l":1015746,"M":true,"q":"51.00000000","s":"CHRBTC","a":591353,"T":1595711166459,"e":"aggTrade","p":"0.00000628","f":1015746},{"m":false,"E":1595711182570,"l":1015748,"M":true,"q":"93.00000000","s":"CHRBTC","a":591354,"T":1595711182569,"e":"aggTrade","p":"0.00000628","f":1015747},{"m":true,"E":1595711205560,"l":1015749,"M":true,"q":"299.00000000","s":"CHRBTC","a":591355,"T":1595711205559,"e":"aggTrade","p":"0.00000627","f":1015749},{"m":true,"E":1595711208949,"l":1015750,"M":true,"q":"42.00000000","s":"CHRBTC","a":591356,"T":1595711208944,"e":"aggTrade","p":"0.00000627","f":1015750},{"m":true,"E":1595711208949,"l":1015753,"M":true,"q":"6320.00000000","s":"CHRBTC","a":591357,"T":1595711208944,"e":"aggTrade","p":"0.00000626","f":1015751},{"m":true,"E":1595711208949,"l":1015762,"M":true,"q":"1688.00000000","s":"CHRBTC","a":591358,"T":1595711208944,"e":"aggTrade","p":"0.00000625","f":1015754},{"m":true,"E":1595711208949,"l":1015774,"M":true,"q":"3798.00000000","s":"CHRBTC","a":591359,"T":1595711208944,"e":"aggTrade","p":"0.00000624","f":1015763},{"m":true,"E":1595711208949,"l":1015785,"M":true,"q":"11551.00000000","s":"CHRBTC","a":591360,"T":1595711208944,"e":"aggTrade","p":"0.00000623","f":1015775},{"m":false,"E":1595711208956,"l":1015786,"M":true,"q":"29744.00000000","s":"CHRBTC","a":591361,"T":1595711208955,"e":"aggTrade","p":"0.00000624","f":1015786},{"m":true,"E":1595711209815,"l":1015787,"M":true,"q":"492.00000000","s":"CHRBTC","a":591362,"T":1595711209814,"e":"aggTrade","p":"0.00000624","f":1015787},{"m":true,"E":1595711209815,"l":1015788,"M":true,"q":"51.00000000","s":"CHRBTC","a":591363,"T":1595711209814,"e":"aggTrade","p":"0.00000623","f":1015788},{"m":true,"E":1595711212982,"l":1015789,"M":true,"q":"792.00000000","s":"CHRBTC","a":591364,"T":1595711212981,"e":"aggTrade","p":"0.00000624","f":1015789},{"m":false,"E":1595711216473,"l":1015791,"M":true,"q":"160.00000000","s":"CHRBTC","a":591365,"T":1595711216472,"e":"aggTrade","p":"0.00000626","f":1015790},{"m":false,"E":1595711216473,"l":1015792,"M":true,"q":"158.00000000","s":"CHRBTC","a":591366,"T":1595711216472,"e":"aggTrade","p":"0.00000627","f":1015792},{"m":false,"E":1595711239216,"l":1015797,"M":true,"q":"433.00000000","s":"CHRBTC","a":591367,"T":1595711239214,"e":"aggTrade","p":"0.00000627","f":1015793},{"m":false,"E":1595711239216,"l":1015800,"M":true,"q":"1000.00000000","s":"CHRBTC","a":591368,"T":1595711239214,"e":"aggTrade","p":"0.00000628","f":1015798}],[{"m":false,"E":1595715374926,"l":1016644,"M":true,"q":"940.00000000","s":"CHRBTC","a":591815,"T":1595715374924,"e":"aggTrade","p":"0.00000655","f":1016644},{"m":true,"E":1595715375046,"l":1016645,"M":true,"q":"6973.00000000","s":"CHRBTC","a":591816,"T":1595715375045,"e":"aggTrade","p":"0.00000654","f":1016645},{"m":true,"E":1595715375154,"l":1016646,"M":true,"q":"4209.00000000","s":"CHRBTC","a":591817,"T":1595715375153,"e":"aggTrade","p":"0.00000654","f":1016646},{"m":false,"E":1595715375171,"l":1016647,"M":true,"q":"1073.00000000","s":"CHRBTC","a":591818,"T":1595715375171,"e":"aggTrade","p":"0.00000654","f":1016647},{"m":true,"E":1595715375255,"l":1016648,"M":true,"q":"6330.00000000","s":"CHRBTC","a":591819,"T":1595715375254,"e":"aggTrade","p":"0.00000654","f":1016648},{"m":true,"E":1595715375368,"l":1016649,"M":true,"q":"3165.00000000","s":"CHRBTC","a":591820,"T":1595715375367,"e":"aggTrade","p":"0.00000654","f":1016649},{"m":true,"E":1595715375470,"l":1016650,"M":true,"q":"1038.00000000","s":"CHRBTC","a":591821,"T":1595715375469,"e":"aggTrade","p":"0.00000654","f":1016650},{"m":false,"E":1595715423570,"l":1016651,"M":true,"q":"31.00000000","s":"CHRBTC","a":591822,"T":1595715423569,"e":"aggTrade","p":"0.00000655","f":1016651},{"m":false,"E":1595715428442,"l":1016652,"M":true,"q":"31.00000000","s":"CHRBTC","a":591823,"T":1595715428441,"e":"aggTrade","p":"0.00000655","f":1016652}]]},{"peak":"-3.02291565|1470,8.77620673|1470,-3.91243596|690,9.87424313|1860,-9.41558442|2100,5.75139147|3330,-9.30009588|1980,11.02588686|2040,-10.39084843|990,7.86463298|4950,-3.38053906|330,3.97441754|420,-7.40915526|1710,4.62482303|1650,-4.97159091|1440,4.21401515|120,-4.11542100|6,5.96026490|6,-10.67193676|2780","transactionList":[{},{},{},{},{},{},{},{},{},{},{},{},{},{},{},{},{},{},{}]},{"peak":"-4.50450450|2610,9.15915916|2730,-3.41394026|660,10.52631579|1500,-3.46205060|60,13.58189081|660,-3.51941748|120,4.24757282|210,-4.88400488|390,3.78510379|360,-3.91198044|120,5.01222494|180,-4.62850183|360,3.28867235|210,-6.00000000|1350,3.62500000|90,-4.40806045|1260,4.15617128|150,-3.37500000|270,34.25000000|1140,-3.56798457|240,16.97203472|120,-6.59050967|180,5.62390158|120,-11.19333950|390,7.21554117|150,-8.21661998|420,8.21661998|240,-5.07706256|630,20.94288305|450,-5.12214342|150,5.27974783|180,-8.00323363|270,7.67987065|630,-5.37974684|780,5.30063291|390,-13.85799829|1170,5.04704876|210,-3.62869198|210,9.28270042|600,-10.68376068|1320,22.56410256|1500,-8.80121396|210,9.71168437|330,-3.28571429|120,7.64285714|60,-20.65652522|2499,5.52441954|612,-6.89375507|312,-8.56672158|498","transactionList":[{},{},{},{},{},{},{},{},{},{},{},{},{},{},{},{},{},{},{},{},{},{},{},{},{},{},{},{},{},{},{},{},{},{},{},{},{},{},{},{},{},{},{},{},{},{},{},{},{},[{"m":false,"E":1595711292683,"l":2758301,"M":true,"q":"205.00000000","s":"DUSKBTC","a":1613547,"T":1595711292682,"e":"aggTrade","p":"0.00000610","f":2758301},{"m":true,"E":1595711330023,"l":2758305,"M":true,"q":"10368.00000000","s":"DUSKBTC","a":1613548,"T":1595711330021,"e":"aggTrade","p":"0.00000609","f":2758302},{"m":false,"E":1595711341254,"l":2758308,"M":true,"q":"4436.00000000","s":"DUSKBTC","a":1613549,"T":1595711341252,"e":"aggTrade","p":"0.00000609","f":2758306},{"m":false,"E":1595711341732,"l":2758309,"M":true,"q":"271.00000000","s":"DUSKBTC","a":1613550,"T":1595711341731,"e":"aggTrade","p":"0.00000608","f":2758309},{"m":false,"E":1595711371333,"l":2758310,"M":true,"q":"20.00000000","s":"DUSKBTC","a":1613551,"T":1595711371331,"e":"aggTrade","p":"0.00000608","f":2758310}]]},{"peak":"-2.50228439|540,6.03078653|1890,-3.58442629|2490,15.14797775|2190,-6.63232863|900,3.67544194|660,-6.03537981|2460,7.94745057|750,-8.59722586|1440,7.62889296|660,-5.47576302|1170,3.48166196|210,-3.11142346|630,6.45284948|720,-4.37887615|2160,11.12572825|1560,-3.42837152|210,7.09579616|300,-5.93459830|300,6.85737355|810,-6.21417106|690,3.97271268|90,-6.41281389|600,3.40882422|1500,-3.70697264|480,12.23889379|750,-5.88986344|858,9.87565227|471,-3.63369810|126,4.76988324|657,-5.31578947|1155","transactionList":[{},{},{},{},{},{},{},{},{},{},{},{},{},{},{},{},{},{},{},{},{},{},{},{},{},{},{},{},{},{},{}]},{"peak":"-3.12876053|1230,8.78459687|3510,-6.72963400|2880,7.31995277|4170,-10.18181818|4440,12.12121212|5610,-3.93258427|510,26.96629213|660,-15.42390194|600,8.68232891|300,-9.69072165|900,7.62886598|780,-9.43396226|330,8.90985325|720,-4.00400400|489,3.90390390|222,-9.37829294|2235,4.84720759|112,-3.53798127|35","transactionList":[{},{},{},{},{},{},{},{},{},{},{},{},{},{},{},{},{},{},{}]},{"peak":"-6.63507109|1800,9.00473934|4650,-4.07239819|150,10.40723982|1260,-9.90990991|5280,3.60360360|2070,-8.49056604|1170,6.13207547|360,-3.21100917|240,5.50458716|1050,-5.02283105|2730,6.84931507|2340,-4.46428571|660,4.46428571|4374,-3.53982301|243,10.61946903|1099,-5.93220339|497,-5.93220339|497","transactionList":[{},{},{},{},{},{},{},{},{},{},{},{},{},{},{},{},{},[{"m":false,"l":5423061,"M":true,"q":"9276.00000000","a":3842945,"T":1595710953143,"p":"0.00000119","f":5423061},{"m":true,"l":5423068,"M":true,"q":"220708.00000000","a":3842946,"T":1595710971093,"p":"0.00000118","f":5423062}]]},{"peak":"6.69661960|1110,-3.65828310|480,9.62377884|2490,-3.33072100|240,3.85971787|450,-3.83937316|360,5.68070519|570,-7.04365079|990,19.86111111|1470,-3.38867020|210,7.56460722|360,-9.07670948|1320,4.00902464|600,-3.16749871|360,5.73248408|540,-11.04682698|870,6.99692641|1110,-3.86100386|600,11.28466128|720,-3.91674861|180,7.35824320|210,-10.95867209|360,37.33062331|990,-6.39023750|180,3.93649127|300,-8.09224891|540,4.87172489|210,-4.62899932|120,7.29748128|1410,-5.12204882|600,13.59210351|780,-5.01911456|870,3.52694537|120,-10.38790270|210,6.58777120|210,-12.44277986|1320,6.03412401|1170,-17.09558824|3333,7.47549020|696,-6.75593427|537,-7.13085967|575,4.68773859|340","transactionList":[{},{},{},{},{},{},{},{},{},{},{},{},{},{},{},{},{},{},{},{},{},{},{},{},{},{},{},{},{},{},{},{},{},{},{},{},{},{},{},{},[{"m":true,"E":1595711642400,"l":8100973,"M":true,"q":"67.00000000","s":"ALGOBTC","a":4836768,"T":1595711642399,"e":"aggTrade","p":"0.00003274","f":8100973},{"m":true,"E":1595711642654,"l":8100974,"M":true,"q":"289.00000000","s":"ALGOBTC","a":4836769,"T":1595711642653,"e":"aggTrade","p":"0.00003274","f":8100974},{"m":false,"E":1595711646278,"l":8100976,"M":true,"q":"29.00000000","s":"ALGOBTC","a":4836770,"T":1595711646277,"e":"aggTrade","p":"0.00003276","f":8100975},{"m":false,"E":1595711646278,"l":8100977,"M":true,"q":"30.00000000","s":"ALGOBTC","a":4836771,"T":1595711646277,"e":"aggTrade","p":"0.00003277","f":8100977},{"m":false,"E":1595711654292,"l":8100978,"M":true,"q":"266.00000000","s":"ALGOBTC","a":4836772,"T":1595711654291,"e":"aggTrade","p":"0.00003277","f":8100978},{"m":true,"E":1595711698531,"l":8100979,"M":true,"q":"5906.00000000","s":"ALGOBTC","a":4836773,"T":1595711698530,"e":"aggTrade","p":"0.00003274","f":8100979},{"m":false,"E":1595711701871,"l":8100980,"M":true,"q":"65.00000000","s":"ALGOBTC","a":4836774,"T":1595711701870,"e":"aggTrade","p":"0.00003276","f":8100980},{"m":false,"E":1595711702059,"l":8100981,"M":true,"q":"85.00000000","s":"ALGOBTC","a":4836775,"T":1595711702057,"e":"aggTrade","p":"0.00003276","f":8100981},{"m":false,"E":1595711702059,"l":8100984,"M":true,"q":"70.00000000","s":"ALGOBTC","a":4836776,"T":1595711702057,"e":"aggTrade","p":"0.00003277","f":8100982},{"m":false,"E":1595711702059,"l":8100989,"M":true,"q":"1285.00000000","s":"ALGOBTC","a":4836777,"T":1595711702057,"e":"aggTrade","p":"0.00003278","f":8100985},{"m":false,"E":1595711702158,"l":8100990,"M":true,"q":"289.00000000","s":"ALGOBTC","a":4836778,"T":1595711702157,"e":"aggTrade","p":"0.00003278","f":8100990},{"m":false,"E":1595711702246,"l":8100991,"M":true,"q":"115.00000000","s":"ALGOBTC","a":4836779,"T":1595711702245,"e":"aggTrade","p":"0.00003278","f":8100991},{"m":false,"E":1595711702246,"l":8100992,"M":true,"q":"202.00000000","s":"ALGOBTC","a":4836780,"T":1595711702245,"e":"aggTrade","p":"0.00003279","f":8100992},{"m":false,"E":1595711702275,"l":8100993,"M":true,"q":"525.00000000","s":"ALGOBTC","a":4836781,"T":1595711702274,"e":"aggTrade","p":"0.00003279","f":8100993},{"m":false,"E":1595711726208,"l":8100995,"M":true,"q":"28.00000000","s":"ALGOBTC","a":4836782,"T":1595711726207,"e":"aggTrade","p":"0.00003277","f":8100994},{"m":false,"E":1595711726319,"l":8100997,"M":true,"q":"38.00000000","s":"ALGOBTC","a":4836783,"T":1595711726318,"e":"aggTrade","p":"0.00003278","f":8100996},{"m":true,"E":1595711741476,"l":8100998,"M":true,"q":"6.00000000","s":"ALGOBTC","a":4836784,"T":1595711741474,"e":"aggTrade","p":"0.00003275","f":8100998},{"m":true,"E":1595711741476,"l":8101000,"M":true,"q":"1914.00000000","s":"ALGOBTC","a":4836785,"T":1595711741474,"e":"aggTrade","p":"0.00003274","f":8100999},{"m":true,"E":1595711741476,"l":8101001,"M":true,"q":"161.00000000","s":"ALGOBTC","a":4836786,"T":1595711741474,"e":"aggTrade","p":"0.00003273","f":8101001},{"m":false,"E":1595711746356,"l":8101002,"M":true,"q":"1479.00000000","s":"ALGOBTC","a":4836787,"T":1595711746355,"e":"aggTrade","p":"0.00003279","f":8101002},{"m":false,"E":1595711746466,"l":8101003,"M":true,"q":"1419.00000000","s":"ALGOBTC","a":4836788,"T":1595711746465,"e":"aggTrade","p":"0.00003279","f":8101003},{"m":false,"E":1595711746572,"l":8101015,"M":true,"q":"1355.00000000","s":"ALGOBTC","a":4836789,"T":1595711746570,"e":"aggTrade","p":"0.00003279","f":8101004},{"m":false,"E":1595711750405,"l":8101016,"M":true,"q":"1.00000000","s":"ALGOBTC","a":4836790,"T":1595711750404,"e":"aggTrade","p":"0.00003280","f":8101016},{"m":false,"E":1595711750635,"l":8101017,"M":true,"q":"1.00000000","s":"ALGOBTC","a":4836791,"T":1595711750634,"e":"aggTrade","p":"0.00003280","f":8101017}],[{"m":true,"E":1595732046641,"l":8108644,"M":true,"q":"26.00000000","s":"ALGOBTC","a":4839690,"T":1595732046640,"e":"aggTrade","p":"0.00003424","f":8108644},{"m":false,"E":1595732048493,"l":8108647,"M":true,"q":"73.00000000","s":"ALGOBTC","a":4839691,"T":1595732048491,"e":"aggTrade","p":"0.00003428","f":8108645},{"m":false,"E":1595732048493,"l":8108660,"M":true,"q":"957.00000000","s":"ALGOBTC","a":4839692,"T":1595732048491,"e":"aggTrade","p":"0.00003429","f":8108648},{"m":false,"E":1595732052576,"l":8108661,"M":true,"q":"181.00000000","s":"ALGOBTC","a":4839693,"T":1595732052575,"e":"aggTrade","p":"0.00003429","f":8108661},{"m":false,"E":1595732063247,"l":8108663,"M":true,"q":"1420.00000000","s":"ALGOBTC","a":4839694,"T":1595732063246,"e":"aggTrade","p":"0.00003426","f":8108662},{"m":false,"E":1595732078952,"l":8108664,"M":true,"q":"2181.00000000","s":"ALGOBTC","a":4839695,"T":1595732078951,"e":"aggTrade","p":"0.00003426","f":8108664},{"m":false,"E":1595732082000,"l":8108669,"M":true,"q":"2724.00000000","s":"ALGOBTC","a":4839696,"T":1595732081999,"e":"aggTrade","p":"0.00003426","f":8108665},{"m":false,"E":1595732082048,"l":8108673,"M":true,"q":"95.00000000","s":"ALGOBTC","a":4839697,"T":1595732082047,"e":"aggTrade","p":"0.00003427","f":8108670},{"m":false,"E":1595732082108,"l":8108680,"M":true,"q":"6837.00000000","s":"ALGOBTC","a":4839698,"T":1595732082107,"e":"aggTrade","p":"0.00003428","f":8108674},{"m":false,"E":1595732082228,"l":8108681,"M":true,"q":"482.00000000","s":"ALGOBTC","a":4839699,"T":1595732082227,"e":"aggTrade","p":"0.00003426","f":8108681},{"m":false,"E":1595732082349,"l":8108689,"M":true,"q":"133.00000000","s":"ALGOBTC","a":4839700,"T":1595732082348,"e":"aggTrade","p":"0.00003429","f":8108682},{"m":true,"E":1595732082447,"l":8108690,"M":true,"q":"524.00000000","s":"ALGOBTC","a":4839701,"T":1595732082446,"e":"aggTrade","p":"0.00003423","f":8108690},{"m":true,"E":1595732083045,"l":8108691,"M":true,"q":"200.00000000","s":"ALGOBTC","a":4839702,"T":1595732083044,"e":"aggTrade","p":"0.00003424","f":8108691},{"m":false,"E":1595732085147,"l":8108692,"M":true,"q":"354.00000000","s":"ALGOBTC","a":4839703,"T":1595732085146,"e":"aggTrade","p":"0.00003429","f":8108692},{"m":false,"E":1595732089847,"l":8108693,"M":true,"q":"34.00000000","s":"ALGOBTC","a":4839704,"T":1595732089846,"e":"aggTrade","p":"0.00003429","f":8108693},{"m":false,"E":1595732090423,"l":8108694,"M":true,"q":"40.00000000","s":"ALGOBTC","a":4839705,"T":1595732090422,"e":"aggTrade","p":"0.00003429","f":8108694},{"m":false,"E":1595732094825,"l":8108695,"M":true,"q":"748.00000000","s":"ALGOBTC","a":4839706,"T":1595732094824,"e":"aggTrade","p":"0.00003429","f":8108695},{"m":false,"E":1595732095439,"l":8108696,"M":true,"q":"429.00000000","s":"ALGOBTC","a":4839707,"T":1595732095438,"e":"aggTrade","p":"0.00003429","f":8108696},{"m":false,"E":1595732095948,"l":8108697,"M":true,"q":"245.00000000","s":"ALGOBTC","a":4839708,"T":1595732095947,"e":"aggTrade","p":"0.00003429","f":8108697},{"m":false,"E":1595732098367,"l":8108698,"M":true,"q":"957.00000000","s":"ALGOBTC","a":4839709,"T":1595732098366,"e":"aggTrade","p":"0.00003429","f":8108698},{"m":false,"E":1595732102564,"l":8108699,"M":true,"q":"1513.00000000","s":"ALGOBTC","a":4839710,"T":1595732102563,"e":"aggTrade","p":"0.00003429","f":8108699},{"m":false,"E":1595732102607,"l":8108703,"M":true,"q":"722.00000000","s":"ALGOBTC","a":4839711,"T":1595732102605,"e":"aggTrade","p":"0.00003429","f":8108700},{"m":true,"E":1595732102703,"l":8108704,"M":true,"q":"1101.00000000","s":"ALGOBTC","a":4839712,"T":1595732102702,"e":"aggTrade","p":"0.00003429","f":8108704},{"m":true,"E":1595732104334,"l":8108705,"M":true,"q":"396.00000000","s":"ALGOBTC","a":4839713,"T":1595732104333,"e":"aggTrade","p":"0.00003426","f":8108705},{"m":false,"E":1595732111509,"l":8108706,"M":true,"q":"160.00000000","s":"ALGOBTC","a":4839714,"T":1595732111508,"e":"aggTrade","p":"0.00003429","f":8108706},{"m":true,"E":1595732119825,"l":8108707,"M":true,"q":"29.00000000","s":"ALGOBTC","a":4839715,"T":1595732119824,"e":"aggTrade","p":"0.00003424","f":8108707},{"m":true,"E":1595732134533,"l":8108708,"M":true,"q":"147.00000000","s":"ALGOBTC","a":4839716,"T":1595732134532,"e":"aggTrade","p":"0.00003424","f":8108708},{"m":true,"E":1595732141579,"l":8108709,"M":true,"q":"11.00000000","s":"ALGOBTC","a":4839717,"T":1595732141578,"e":"aggTrade","p":"0.00003424","f":8108709},{"m":true,"E":1595732141929,"l":8108710,"M":true,"q":"4806.00000000","s":"ALGOBTC","a":4839718,"T":1595732141928,"e":"aggTrade","p":"0.00003424","f":8108710},{"m":true,"E":1595732143231,"l":8108711,"M":true,"q":"2402.00000000","s":"ALGOBTC","a":4839719,"T":1595732143230,"e":"aggTrade","p":"0.00003424","f":8108711},{"m":true,"E":1595732144432,"l":8108712,"M":true,"q":"478.00000000","s":"ALGOBTC","a":4839720,"T":1595732144431,"e":"aggTrade","p":"0.00003424","f":8108712},{"m":true,"E":1595732145527,"l":8108713,"M":true,"q":"1507.00000000","s":"ALGOBTC","a":4839721,"T":1595732145526,"e":"aggTrade","p":"0.00003425","f":8108713},{"m":true,"E":1595732146532,"l":8108715,"M":true,"q":"6114.00000000","s":"ALGOBTC","a":4839722,"T":1595732146531,"e":"aggTrade","p":"0.00003423","f":8108714},{"m":true,"E":1595732147530,"l":8108716,"M":true,"q":"1506.00000000","s":"ALGOBTC","a":4839723,"T":1595732147529,"e":"aggTrade","p":"0.00003422","f":8108716},{"m":true,"E":1595732147530,"l":8108719,"M":true,"q":"3737.00000000","s":"ALGOBTC","a":4839724,"T":1595732147529,"e":"aggTrade","p":"0.00003421","f":8108717},{"m":true,"E":1595732148635,"l":8108722,"M":true,"q":"5694.00000000","s":"ALGOBTC","a":4839725,"T":1595732148633,"e":"aggTrade","p":"0.00003420","f":8108720},{"m":true,"E":1595732149631,"l":8108724,"M":true,"q":"6115.00000000","s":"ALGOBTC","a":4839726,"T":1595732149630,"e":"aggTrade","p":"0.00003421","f":8108723},{"m":true,"E":1595732149631,"l":8108725,"M":true,"q":"541.00000000","s":"ALGOBTC","a":4839727,"T":1595732149630,"e":"aggTrade","p":"0.00003420","f":8108725},{"m":true,"E":1595732151640,"l":8108726,"M":true,"q":"1509.00000000","s":"ALGOBTC","a":4839728,"T":1595732151639,"e":"aggTrade","p":"0.00003421","f":8108726},{"m":true,"E":1595732152638,"l":8108727,"M":true,"q":"4096.00000000","s":"ALGOBTC","a":4839729,"T":1595732152637,"e":"aggTrade","p":"0.00003422","f":8108727},{"m":true,"E":1595732154139,"l":8108728,"M":true,"q":"1506.00000000","s":"ALGOBTC","a":4839730,"T":1595732154138,"e":"aggTrade","p":"0.00003420","f":8108728},{"m":true,"E":1595732155535,"l":8108729,"M":true,"q":"2353.00000000","s":"ALGOBTC","a":4839731,"T":1595732155533,"e":"aggTrade","p":"0.00003420","f":8108729},{"m":true,"E":1595732156937,"l":8108730,"M":true,"q":"1628.00000000","s":"ALGOBTC","a":4839732,"T":1595732156936,"e":"aggTrade","p":"0.00003420","f":8108730},{"m":true,"E":1595732157210,"l":8108731,"M":true,"q":"68.00000000","s":"ALGOBTC","a":4839733,"T":1595732157209,"e":"aggTrade","p":"0.00003420","f":8108731},{"m":true,"E":1595732159841,"l":8108732,"M":true,"q":"950.00000000","s":"ALGOBTC","a":4839734,"T":1595732159840,"e":"aggTrade","p":"0.00003420","f":8108732},{"m":true,"E":1595732159841,"l":8108733,"M":true,"q":"209.00000000","s":"ALGOBTC","a":4839735,"T":1595732159840,"e":"aggTrade","p":"0.00003419","f":8108733},{"m":true,"E":1595732160841,"l":8108735,"M":true,"q":"804.00000000","s":"ALGOBTC","a":4839736,"T":1595732160840,"e":"aggTrade","p":"0.00003419","f":8108734}]]},{"peak":"-3.07167235|90,18.63481229|300,-27.04678363|660,21.56432749|1050,-6.26198083|270,3.89776358|150,-4.70057952|450,3.47714102|600,-6.07260726|900,14.58745875|450,-9.11376493|90,5.97108737|300,-20.25677603|2880,4.77888730|840,-3.16011236|300,4.63483146|1290,-5.22598870|180,14.47740113|1470,-11.71605789|630,7.09855272|120,-4.57604307|120,5.04710633|480,-3.37748344|270,5.76158940|210,-20.80181543|2220,9.07715582|390,-4.04040404|930,6.56565657|840,-3.72191011|180,3.51123596|420,-3.43859649|270,4.35087719|660,-8.61943024|1470,12.85609934|780,-5.17358747|180,3.26752893|120,-9.37274694|570,3.74909877|150,-5.03649635|480,13.50364964|750,-3.25365206|210,4.18326693|360,-10.80508475|1140,7.90960452|360,-7.75740480|1083,12.62341326|327,-3.70129870|15,4.61038961|33,-11.87500000|456,5.20833333|733,-6.76532770|504,-14.33962264|894","transactionList":[{},{},{},{},{},{},{},{},{},{},{},{},{},{},{},{},{},{},{},{},{},{},{},{},{},{},{},{},{},{},{},{},{},{},{},{},{},{},{},{},{},{},{},{},{},{},{},{},{},{},{},[{"m":true,"E":1595721638526,"l":7126622,"M":true,"q":"738.00000000","s":"ASTBTC","a":5167470,"T":1595721638525,"e":"aggTrade","p":"0.00000683","f":7126620},{"m":false,"E":1595721652739,"l":7126624,"M":true,"q":"1575.00000000","s":"ASTBTC","a":5167471,"T":1595721652738,"e":"aggTrade","p":"0.00000685","f":7126623},{"m":true,"E":1595721658883,"l":7126628,"M":true,"q":"7802.00000000","s":"ASTBTC","a":5167472,"T":1595721658881,"e":"aggTrade","p":"0.00000683","f":7126625},{"m":true,"E":1595721658937,"l":7126631,"M":true,"q":"1421.00000000","s":"ASTBTC","a":5167473,"T":1595721658935,"e":"aggTrade","p":"0.00000682","f":7126629},{"m":false,"E":1595721659128,"l":7126632,"M":true,"q":"1273.00000000","s":"ASTBTC","a":5167474,"T":1595721659127,"e":"aggTrade","p":"0.00000683","f":7126632},{"m":true,"E":1595721659945,"l":7126647,"M":true,"q":"10372.00000000","s":"ASTBTC","a":5167475,"T":1595721659941,"e":"aggTrade","p":"0.00000681","f":7126633},{"m":true,"E":1595721659946,"l":7126649,"M":true,"q":"178.00000000","s":"ASTBTC","a":5167476,"T":1595721659941,"e":"aggTrade","p":"0.00000680","f":7126648},{"m":true,"E":1595721659946,"l":7126650,"M":true,"q":"2097.00000000","s":"ASTBTC","a":5167477,"T":1595721659941,"e":"aggTrade","p":"0.00000680","f":7126650},{"m":true,"E":1595721659946,"l":7126652,"M":true,"q":"6570.00000000","s":"ASTBTC","a":5167478,"T":1595721659941,"e":"aggTrade","p":"0.00000680","f":7126651},{"m":true,"E":1595721659946,"l":7126660,"M":true,"q":"6570.00000000","s":"ASTBTC","a":5167479,"T":1595721659941,"e":"aggTrade","p":"0.00000680","f":7126653},{"m":true,"E":1595721659946,"l":7126661,"M":true,"q":"614.00000000","s":"ASTBTC","a":5167480,"T":1595721659941,"e":"aggTrade","p":"0.00000680","f":7126661},{"m":true,"E":1595721659946,"l":7126662,"M":true,"q":"4568.00000000","s":"ASTBTC","a":5167481,"T":1595721659941,"e":"aggTrade","p":"0.00000680","f":7126662},{"m":false,"E":1595721660822,"l":7126663,"M":true,"q":"750.00000000","s":"ASTBTC","a":5167482,"T":1595721660821,"e":"aggTrade","p":"0.00000682","f":7126663},{"m":false,"E":1595721660822,"l":7126664,"M":true,"q":"2435.00000000","s":"ASTBTC","a":5167483,"T":1595721660821,"e":"aggTrade","p":"0.00000683","f":7126664},{"m":true,"E":1595721664647,"l":7126665,"M":true,"q":"43.00000000","s":"ASTBTC","a":5167484,"T":1595721664643,"e":"aggTrade","p":"0.00000681","f":7126665},{"m":true,"E":1595721664647,"l":7126682,"M":true,"q":"4078.00000000","s":"ASTBTC","a":5167485,"T":1595721664643,"e":"aggTrade","p":"0.00000680","f":7126666},{"m":true,"E":1595721665877,"l":7126683,"M":true,"q":"17.00000000","s":"ASTBTC","a":5167486,"T":1595721665875,"e":"aggTrade","p":"0.00000680","f":7126683},{"m":true,"E":1595721665877,"l":7126688,"M":true,"q":"1983.00000000","s":"ASTBTC","a":5167487,"T":1595721665875,"e":"aggTrade","p":"0.00000679","f":7126684},{"m":true,"E":1595721665920,"l":7126694,"M":true,"q":"4773.00000000","s":"ASTBTC","a":5167488,"T":1595721665919,"e":"aggTrade","p":"0.00000679","f":7126689},{"m":true,"E":1595721671137,"l":7126695,"M":true,"q":"92.00000000","s":"ASTBTC","a":5167489,"T":1595721671135,"e":"aggTrade","p":"0.00000679","f":7126695},{"m":false,"E":1595721671271,"l":7126696,"M":true,"q":"19.00000000","s":"ASTBTC","a":5167490,"T":1595721671270,"e":"aggTrade","p":"0.00000679","f":7126696},{"m":false,"E":1595721671283,"l":7126697,"M":true,"q":"486.00000000","s":"ASTBTC","a":5167491,"T":1595721671281,"e":"aggTrade","p":"0.00000679","f":7126697},{"m":true,"E":1595721671704,"l":7126701,"M":true,"q":"1066.00000000","s":"ASTBTC","a":5167492,"T":1595721671702,"e":"aggTrade","p":"0.00000678","f":7126698},{"m":true,"E":1595721671704,"l":7126702,"M":true,"q":"464.00000000","s":"ASTBTC","a":5167493,"T":1595721671702,"e":"aggTrade","p":"0.00000678","f":7126702},{"m":true,"E":1595721671704,"l":7126704,"M":true,"q":"155.00000000","s":"ASTBTC","a":5167494,"T":1595721671702,"e":"aggTrade","p":"0.00000678","f":7126703},{"m":true,"E":1595721671705,"l":7126705,"M":true,"q":"196.00000000","s":"ASTBTC","a":5167495,"T":1595721671702,"e":"aggTrade","p":"0.00000678","f":7126705},{"m":true,"E":1595721671705,"l":7126709,"M":true,"q":"1430.00000000","s":"ASTBTC","a":5167496,"T":1595721671702,"e":"aggTrade","p":"0.00000677","f":7126706},{"m":true,"E":1595721671706,"l":7126720,"M":true,"q":"23936.00000000","s":"ASTBTC","a":5167497,"T":1595721671702,"e":"aggTrade","p":"0.00000676","f":7126710},{"m":true,"E":1595721671706,"l":7126721,"M":true,"q":"1649.00000000","s":"ASTBTC","a":5167498,"T":1595721671702,"e":"aggTrade","p":"0.00000676","f":7126721},{"m":true,"E":1595721671706,"l":7126722,"M":true,"q":"425.00000000","s":"ASTBTC","a":5167499,"T":1595721671702,"e":"aggTrade","p":"0.00000676","f":7126722},{"m":true,"E":1595721671706,"l":7126723,"M":true,"q":"3291.00000000","s":"ASTBTC","a":5167500,"T":1595721671702,"e":"aggTrade","p":"0.00000676","f":7126723},{"m":true,"E":1595721671706,"l":7126724,"M":true,"q":"1570.00000000","s":"ASTBTC","a":5167501,"T":1595721671702,"e":"aggTrade","p":"0.00000676","f":7126724},{"m":false,"E":1595721671849,"l":7126725,"M":true,"q":"16.00000000","s":"ASTBTC","a":5167502,"T":1595721671848,"e":"aggTrade","p":"0.00000677","f":7126725},{"m":false,"E":1595721671944,"l":7126726,"M":true,"q":"400.00000000","s":"ASTBTC","a":5167503,"T":1595721671943,"e":"aggTrade","p":"0.00000677","f":7126726},{"m":false,"E":1595721672068,"l":7126727,"M":true,"q":"146.00000000","s":"ASTBTC","a":5167504,"T":1595721672066,"e":"aggTrade","p":"0.00000677","f":7126727},{"m":false,"E":1595721672102,"l":7126728,"M":true,"q":"1391.00000000","s":"ASTBTC","a":5167505,"T":1595721672101,"e":"aggTrade","p":"0.00000677","f":7126728},{"m":true,"E":1595721672116,"l":7126729,"M":true,"q":"1450.00000000","s":"ASTBTC","a":5167506,"T":1595721672115,"e":"aggTrade","p":"0.00000676","f":7126729},{"m":true,"E":1595721672322,"l":7126734,"M":true,"q":"2518.00000000","s":"ASTBTC","a":5167507,"T":1595721672319,"e":"aggTrade","p":"0.00000676","f":7126730},{"m":true,"E":1595721672322,"l":7126744,"M":true,"q":"1503.00000000","s":"ASTBTC","a":5167508,"T":1595721672319,"e":"aggTrade","p":"0.00000675","f":7126735},{"m":true,"E":1595721673331,"l":7126746,"M":true,"q":"718.00000000","s":"ASTBTC","a":5167509,"T":1595721673329,"e":"aggTrade","p":"0.00000675","f":7126745},{"m":true,"E":1595721673331,"l":7126750,"M":true,"q":"1951.00000000","s":"ASTBTC","a":5167510,"T":1595721673329,"e":"aggTrade","p":"0.00000674","f":7126747},{"m":true,"E":1595721673340,"l":7126763,"M":true,"q":"11994.00000000","s":"ASTBTC","a":5167511,"T":1595721673329,"e":"aggTrade","p":"0.00000674","f":7126751},{"m":true,"E":1595721673340,"l":7126771,"M":true,"q":"12945.00000000","s":"ASTBTC","a":5167512,"T":1595721673329,"e":"aggTrade","p":"0.00000673","f":7126764},{"m":true,"E":1595721673340,"l":7126814,"M":true,"q":"23189.00000000","s":"ASTBTC","a":5167513,"T":1595721673329,"e":"aggTrade","p":"0.00000672","f":7126772},{"m":true,"E":1595721673341,"l":7126836,"M":true,"q":"10805.00000000","s":"ASTBTC","a":5167514,"T":1595721673329,"e":"aggTrade","p":"0.00000671","f":7126815},{"m":true,"E":1595721673341,"l":7126843,"M":true,"q":"3425.00000000","s":"ASTBTC","a":5167515,"T":1595721673329,"e":"aggTrade","p":"0.00000670","f":7126837},{"m":true,"E":1595721673341,"l":7126844,"M":true,"q":"1229.00000000","s":"ASTBTC","a":5167516,"T":1595721673329,"e":"aggTrade","p":"0.00000670","f":7126844},{"m":true,"E":1595721673341,"l":7126847,"M":true,"q":"1378.00000000","s":"ASTBTC","a":5167517,"T":1595721673329,"e":"aggTrade","p":"0.00000670","f":7126845},{"m":true,"E":1595721673341,"l":7126848,"M":true,"q":"526.00000000","s":"ASTBTC","a":5167518,"T":1595721673329,"e":"aggTrade","p":"0.00000670","f":7126848},{"m":true,"E":1595721673341,"l":7126849,"M":true,"q":"83.00000000","s":"ASTBTC","a":5167519,"T":1595721673329,"e":"aggTrade","p":"0.00000670","f":7126849},{"m":true,"E":1595721673341,"l":7126850,"M":true,"q":"747.00000000","s":"ASTBTC","a":5167520,"T":1595721673329,"e":"aggTrade","p":"0.00000670","f":7126850},{"m":true,"E":1595721673341,"l":7126856,"M":true,"q":"10204.00000000","s":"ASTBTC","a":5167521,"T":1595721673329,"e":"aggTrade","p":"0.00000670","f":7126851},{"m":true,"E":1595721673341,"l":7126858,"M":true,"q":"1945.00000000","s":"ASTBTC","a":5167522,"T":1595721673329,"e":"aggTrade","p":"0.00000670","f":7126857},{"m":true,"E":1595721673342,"l":7126861,"M":true,"q":"15782.00000000","s":"ASTBTC","a":5167523,"T":1595721673329,"e":"aggTrade","p":"0.00000670","f":7126859},{"m":true,"E":1595721673342,"l":7126865,"M":true,"q":"2211.00000000","s":"ASTBTC","a":5167524,"T":1595721673329,"e":"aggTrade","p":"0.00000669","f":7126862},{"m":true,"E":1595721673342,"l":7126867,"M":true,"q":"720.00000000","s":"ASTBTC","a":5167525,"T":1595721673329,"e":"aggTrade","p":"0.00000669","f":7126866},{"m":true,"E":1595721673342,"l":7126868,"M":true,"q":"3236.00000000","s":"ASTBTC","a":5167526,"T":1595721673329,"e":"aggTrade","p":"0.00000669","f":7126868},{"m":false,"E":1595721673383,"l":7126869,"M":true,"q":"1559.00000000","s":"ASTBTC","a":5167527,"T":1595721673382,"e":"aggTrade","p":"0.00000672","f":7126869},{"m":false,"E":1595721673401,"l":7126870,"M":true,"q":"71.00000000","s":"ASTBTC","a":5167528,"T":1595721673400,"e":"aggTrade","p":"0.00000672","f":7126870},{"m":false,"E":1595721673402,"l":7126871,"M":true,"q":"19.00000000","s":"ASTBTC","a":5167529,"T":1595721673401,"e":"aggTrade","p":"0.00000672","f":7126871},{"m":true,"E":1595721673569,"l":7126872,"M":true,"q":"2500.00000000","s":"ASTBTC","a":5167530,"T":1595721673568,"e":"aggTrade","p":"0.00000671","f":7126872},{"m":false,"E":1595721673625,"l":7126873,"M":true,"q":"1212.00000000","s":"ASTBTC","a":5167531,"T":1595721673624,"e":"aggTrade","p":"0.00000672","f":7126873},{"m":true,"E":1595721673634,"l":7126874,"M":true,"q":"150.00000000","s":"ASTBTC","a":5167532,"T":1595721673632,"e":"aggTrade","p":"0.00000671","f":7126874},{"m":true,"E":1595721673807,"l":7126879,"M":true,"q":"5213.00000000","s":"ASTBTC","a":5167533,"T":1595721673803,"e":"aggTrade","p":"0.00000671","f":7126875},{"m":true,"E":1595721673807,"l":7126881,"M":true,"q":"1191.00000000","s":"ASTBTC","a":5167534,"T":1595721673803,"e":"aggTrade","p":"0.00000670","f":7126880},{"m":true,"E":1595721673807,"l":7126883,"M":true,"q":"1150.00000000","s":"ASTBTC","a":5167535,"T":1595721673803,"e":"aggTrade","p":"0.00000669","f":7126882},{"m":true,"E":1595721673807,"l":7126896,"M":true,"q":"6647.00000000","s":"ASTBTC","a":5167536,"T":1595721673803,"e":"aggTrade","p":"0.00000668","f":7126884},{"m":true,"E":1595721673807,"l":7126901,"M":true,"q":"1799.00000000","s":"ASTBTC","a":5167537,"T":1595721673803,"e":"aggTrade","p":"0.00000667","f":7126897},{"m":true,"E":1595721673807,"l":7126902,"M":true,"q":"1058.00000000","s":"ASTBTC","a":5167538,"T":1595721673803,"e":"aggTrade","p":"0.00000667","f":7126902},{"m":true,"E":1595721673807,"l":7126903,"M":true,"q":"970.00000000","s":"ASTBTC","a":5167539,"T":1595721673803,"e":"aggTrade","p":"0.00000667","f":7126903},{"m":true,"E":1595721673808,"l":7126906,"M":true,"q":"2016.00000000","s":"ASTBTC","a":5167540,"T":1595721673803,"e":"aggTrade","p":"0.00000667","f":7126904},{"m":true,"E":1595721673808,"l":7126913,"M":true,"q":"8329.00000000","s":"ASTBTC","a":5167541,"T":1595721673803,"e":"aggTrade","p":"0.00000666","f":7126907},{"m":true,"E":1595721673808,"l":7126914,"M":true,"q":"649.00000000","s":"ASTBTC","a":5167542,"T":1595721673803,"e":"aggTrade","p":"0.00000666","f":7126914},{"m":true,"E":1595721673808,"l":7126915,"M":true,"q":"650.00000000","s":"ASTBTC","a":5167543,"T":1595721673803,"e":"aggTrade","p":"0.00000666","f":7126915},{"m":true,"E":1595721673808,"l":7126916,"M":true,"q":"2965.00000000","s":"ASTBTC","a":5167544,"T":1595721673803,"e":"aggTrade","p":"0.00000666","f":7126916},{"m":true,"E":1595721673808,"l":7126917,"M":true,"q":"224.00000000","s":"ASTBTC","a":5167545,"T":1595721673803,"e":"aggTrade","p":"0.00000666","f":7126917},{"m":true,"E":1595721673808,"l":7126918,"M":true,"q":"129.00000000","s":"ASTBTC","a":5167546,"T":1595721673803,"e":"aggTrade","p":"0.00000666","f":7126918},{"m":true,"E":1595721673808,"l":7126919,"M":true,"q":"4241.00000000","s":"ASTBTC","a":5167547,"T":1595721673803,"e":"aggTrade","p":"0.00000666","f":7126919},{"m":false,"E":1595721673835,"l":7126921,"M":true,"q":"1494.00000000","s":"ASTBTC","a":5167548,"T":1595721673833,"e":"aggTrade","p":"0.00000668","f":7126920},{"m":false,"E":1595721673840,"l":7126922,"M":true,"q":"74.00000000","s":"ASTBTC","a":5167549,"T":1595721673839,"e":"aggTrade","p":"0.00000668","f":7126922},{"m":false,"E":1595721673936,"l":7126923,"M":true,"q":"117.00000000","s":"ASTBTC","a":5167550,"T":1595721673935,"e":"aggTrade","p":"0.00000668","f":7126923},{"m":false,"E":1595721674128,"l":7126924,"M":true,"q":"980.00000000","s":"ASTBTC","a":5167551,"T":1595721674127,"e":"aggTrade","p":"0.00000668","f":7126924},{"m":false,"E":1595721674238,"l":7126926,"M":true,"q":"12571.00000000","s":"ASTBTC","a":5167552,"T":1595721674236,"e":"aggTrade","p":"0.00000668","f":7126925},{"m":true,"E":1595721674386,"l":7126927,"M":true,"q":"674.00000000","s":"ASTBTC","a":5167553,"T":1595721674385,"e":"aggTrade","p":"0.00000666","f":7126927},{"m":false,"E":1595721674399,"l":7126928,"M":true,"q":"68.00000000","s":"ASTBTC","a":5167554,"T":1595721674397,"e":"aggTrade","p":"0.00000670","f":7126928},{"m":false,"E":1595721674408,"l":7126929,"M":true,"q":"65.00000000","s":"ASTBTC","a":5167555,"T":1595721674406,"e":"aggTrade","p":"0.00000670","f":7126929},{"m":false,"E":1595721674408,"l":7126930,"M":true,"q":"750.00000000","s":"ASTBTC","a":5167556,"T":1595721674406,"e":"aggTrade","p":"0.00000671","f":7126930},{"m":false,"E":1595721674408,"l":7126931,"M":true,"q":"4833.00000000","s":"ASTBTC","a":5167557,"T":1595721674406,"e":"aggTrade","p":"0.00000672","f":7126931},{"m":true,"E":1595721674429,"l":7126932,"M":true,"q":"866.00000000","s":"ASTBTC","a":5167558,"T":1595721674428,"e":"aggTrade","p":"0.00000666","f":7126932},{"m":true,"E":1595721674442,"l":7126933,"M":true,"q":"3393.00000000","s":"ASTBTC","a":5167559,"T":1595721674441,"e":"aggTrade","p":"0.00000666","f":7126933},{"m":false,"E":1595721674779,"l":7126934,"M":true,"q":"15.00000000","s":"ASTBTC","a":5167560,"T":1595721674778,"e":"aggTrade","p":"0.00000672","f":7126934},{"m":true,"E":1595721674832,"l":7126935,"M":true,"q":"267.00000000","s":"ASTBTC","a":5167561,"T":1595721674831,"e":"aggTrade","p":"0.00000671","f":7126935},{"m":false,"E":1595721674874,"l":7126936,"M":true,"q":"222.00000000","s":"ASTBTC","a":5167562,"T":1595721674873,"e":"aggTrade","p":"0.00000672","f":7126936},{"m":false,"E":1595721674974,"l":7126937,"M":true,"q":"4567.00000000","s":"ASTBTC","a":5167563,"T":1595721674973,"e":"aggTrade","p":"0.00000672","f":7126937},{"m":true,"E":1595721675040,"l":7126938,"M":true,"q":"616.00000000","s":"ASTBTC","a":5167564,"T":1595721675038,"e":"aggTrade","p":"0.00000671","f":7126938},{"m":true,"E":1595721675040,"l":7126939,"M":true,"q":"44.00000000","s":"ASTBTC","a":5167565,"T":1595721675038,"e":"aggTrade","p":"0.00000668","f":7126939},{"m":true,"E":1595721675040,"l":7126940,"M":true,"q":"750.00000000","s":"ASTBTC","a":5167566,"T":1595721675038,"e":"aggTrade","p":"0.00000667","f":7126940},{"m":true,"E":1595721675040,"l":7126946,"M":true,"q":"18440.00000000","s":"ASTBTC","a":5167567,"T":1595721675038,"e":"aggTrade","p":"0.00000666","f":7126941},{"m":false,"E":1595721675218,"l":7126947,"M":true,"q":"19.00000000","s":"ASTBTC","a":5167568,"T":1595721675217,"e":"aggTrade","p":"0.00000671","f":7126947},{"m":false,"E":1595721675387,"l":7126948,"M":true,"q":"731.00000000","s":"ASTBTC","a":5167569,"T":1595721675386,"e":"aggTrade","p":"0.00000671","f":7126948},{"m":false,"E":1595721675387,"l":7126949,"M":true,"q":"1687.00000000","s":"ASTBTC","a":5167570,"T":1595721675386,"e":"aggTrade","p":"0.00000672","f":7126949},{"m":true,"E":1595721675865,"l":7126950,"M":true,"q":"601.00000000","s":"ASTBTC","a":5167571,"T":1595721675864,"e":"aggTrade","p":"0.00000669","f":7126950},{"m":false,"E":1595721675958,"l":7126951,"M":true,"q":"486.00000000","s":"ASTBTC","a":5167572,"T":1595721675957,"e":"aggTrade","p":"0.00000672","f":7126951},{"m":true,"E":1595721676007,"l":7126952,"M":true,"q":"7136.00000000","s":"ASTBTC","a":5167573,"T":1595721676006,"e":"aggTrade","p":"0.00000669","f":7126952},{"m":true,"E":1595721676320,"l":7126953,"M":true,"q":"292.00000000","s":"ASTBTC","a":5167574,"T":1595721676319,"e":"aggTrade","p":"0.00000669","f":7126953},{"m":false,"E":1595721676794,"l":7126955,"M":true,"q":"8079.00000000","s":"ASTBTC","a":5167575,"T":1595721676792,"e":"aggTrade","p":"0.00000671","f":7126954},{"m":false,"E":1595721676886,"l":7126956,"M":true,"q":"293.00000000","s":"ASTBTC","a":5167576,"T":1595721676885,"e":"aggTrade","p":"0.00000671","f":7126956},{"m":false,"E":1595721676924,"l":7126957,"M":true,"q":"341.00000000","s":"ASTBTC","a":5167577,"T":1595721676923,"e":"aggTrade","p":"0.00000671","f":7126957},{"m":false,"E":1595721676936,"l":7126958,"M":true,"q":"4094.00000000","s":"ASTBTC","a":5167578,"T":1595721676935,"e":"aggTrade","p":"0.00000671","f":7126958},{"m":true,"E":1595721677038,"l":7126959,"M":true,"q":"4250.00000000","s":"ASTBTC","a":5167579,"T":1595721677036,"e":"aggTrade","p":"0.00000669","f":7126959},{"m":false,"E":1595721677538,"l":7126960,"M":true,"q":"26.00000000","s":"ASTBTC","a":5167580,"T":1595721677536,"e":"aggTrade","p":"0.00000672","f":7126960},{"m":false,"E":1595721677796,"l":7126961,"M":true,"q":"3701.00000000","s":"ASTBTC","a":5167581,"T":1595721677795,"e":"aggTrade","p":"0.00000672","f":7126961},{"m":true,"E":1595721677873,"l":7126962,"M":true,"q":"58090.00000000","s":"ASTBTC","a":5167582,"T":1595721677867,"e":"aggTrade","p":"0.00000669","f":7126962},{"m":true,"E":1595721677873,"l":7126963,"M":true,"q":"68.00000000","s":"ASTBTC","a":5167583,"T":1595721677867,"e":"aggTrade","p":"0.00000668","f":7126963},{"m":true,"E":1595721677873,"l":7126966,"M":true,"q":"1773.00000000","s":"ASTBTC","a":5167584,"T":1595721677867,"e":"aggTrade","p":"0.00000666","f":7126964},{"m":true,"E":1595721677873,"l":7126971,"M":true,"q":"33252.00000000","s":"ASTBTC","a":5167585,"T":1595721677867,"e":"aggTrade","p":"0.00000665","f":7126967},{"m":true,"E":1595721677873,"l":7126987,"M":true,"q":"21512.00000000","s":"ASTBTC","a":5167586,"T":1595721677867,"e":"aggTrade","p":"0.00000664","f":7126972},{"m":true,"E":1595721677873,"l":7126998,"M":true,"q":"16097.00000000","s":"ASTBTC","a":5167587,"T":1595721677867,"e":"aggTrade","p":"0.00000663","f":7126988},{"m":true,"E":1595721677873,"l":7127008,"M":true,"q":"1649.00000000","s":"ASTBTC","a":5167588,"T":1595721677867,"e":"aggTrade","p":"0.00000662","f":7126999},{"m":true,"E":1595721677873,"l":7127016,"M":true,"q":"2606.00000000","s":"ASTBTC","a":5167589,"T":1595721677867,"e":"aggTrade","p":"0.00000661","f":7127009},{"m":true,"E":1595721677873,"l":7127017,"M":true,"q":"5.00000000","s":"ASTBTC","a":5167590,"T":1595721677867,"e":"aggTrade","p":"0.00000660","f":7127017},{"m":true,"E":1595721677874,"l":7127020,"M":true,"q":"150.00000000","s":"ASTBTC","a":5167591,"T":1595721677867,"e":"aggTrade","p":"0.00000660","f":7127018},{"m":true,"E":1595721677874,"l":7127024,"M":true,"q":"228.00000000","s":"ASTBTC","a":5167592,"T":1595721677867,"e":"aggTrade","p":"0.00000660","f":7127021},{"m":true,"E":1595721677874,"l":7127030,"M":true,"q":"5292.00000000","s":"ASTBTC","a":5167593,"T":1595721677867,"e":"aggTrade","p":"0.00000660","f":7127025},{"m":true,"E":1595721677874,"l":7127031,"M":true,"q":"412.00000000","s":"ASTBTC","a":5167594,"T":1595721677867,"e":"aggTrade","p":"0.00000660","f":7127031},{"m":true,"E":1595721677874,"l":7127032,"M":true,"q":"655.00000000","s":"ASTBTC","a":5167595,"T":1595721677867,"e":"aggTrade","p":"0.00000660","f":7127032},{"m":true,"E":1595721677874,"l":7127035,"M":true,"q":"941.00000000","s":"ASTBTC","a":5167596,"T":1595721677867,"e":"aggTrade","p":"0.00000660","f":7127033},{"m":true,"E":1595721677874,"l":7127041,"M":true,"q":"3137.00000000","s":"ASTBTC","a":5167597,"T":1595721677867,"e":"aggTrade","p":"0.00000659","f":7127036},{"m":false,"E":1595721677948,"l":7127042,"M":true,"q":"163837.00000000","s":"ASTBTC","a":5167598,"T":1595721677947,"e":"aggTrade","p":"0.00000662","f":7127042},{"m":false,"E":1595721677996,"l":7127043,"M":true,"q":"225.00000000","s":"ASTBTC","a":5167599,"T":1595721677995,"e":"aggTrade","p":"0.00000663","f":7127043},{"m":true,"E":1595721678184,"l":7127044,"M":true,"q":"269.00000000","s":"ASTBTC","a":5167600,"T":1595721678183,"e":"aggTrade","p":"0.00000661","f":7127044},{"m":true,"E":1595721678325,"l":7127045,"M":true,"q":"742.00000000","s":"ASTBTC","a":5167601,"T":1595721678324,"e":"aggTrade","p":"0.00000661","f":7127045},{"m":false,"E":1595721678360,"l":7127046,"M":true,"q":"525.00000000","s":"ASTBTC","a":5167602,"T":1595721678358,"e":"aggTrade","p":"0.00000663","f":7127046},{"m":true,"E":1595721678516,"l":7127047,"M":true,"q":"120.00000000","s":"ASTBTC","a":5167603,"T":1595721678515,"e":"aggTrade","p":"0.00000662","f":7127047},{"m":false,"E":1595721678754,"l":7127048,"M":true,"q":"248.00000000","s":"ASTBTC","a":5167604,"T":1595721678752,"e":"aggTrade","p":"0.00000662","f":7127048},{"m":true,"E":1595721678838,"l":7127049,"M":true,"q":"1003.00000000","s":"ASTBTC","a":5167605,"T":1595721678837,"e":"aggTrade","p":"0.00000661","f":7127049},{"m":false,"E":1595721678953,"l":7127051,"M":true,"q":"38774.00000000","s":"ASTBTC","a":5167606,"T":1595721678952,"e":"aggTrade","p":"0.00000664","f":7127050},{"m":false,"E":1595721679033,"l":7127052,"M":true,"q":"226.00000000","s":"ASTBTC","a":5167607,"T":1595721679030,"e":"aggTrade","p":"0.00000668","f":7127052},{"m":false,"E":1595721679033,"l":7127055,"M":true,"q":"4148.00000000","s":"ASTBTC","a":5167608,"T":1595721679030,"e":"aggTrade","p":"0.00000669","f":7127053},{"m":false,"E":1595721679033,"l":7127060,"M":true,"q":"4149.00000000","s":"ASTBTC","a":5167609,"T":1595721679030,"e":"aggTrade","p":"0.00000670","f":7127056},{"m":false,"E":1595721679033,"l":7127062,"M":true,"q":"846.00000000","s":"ASTBTC","a":5167610,"T":1595721679030,"e":"aggTrade","p":"0.00000671","f":7127061},{"m":true,"E":1595721679578,"l":7127063,"M":true,"q":"51.00000000","s":"ASTBTC","a":5167611,"T":1595721679577,"e":"aggTrade","p":"0.00000665","f":7127063},{"m":true,"E":1595721679865,"l":7127064,"M":true,"q":"37.00000000","s":"ASTBTC","a":5167612,"T":1595721679863,"e":"aggTrade","p":"0.00000665","f":7127064},{"m":true,"E":1595721680030,"l":7127065,"M":true,"q":"294.00000000","s":"ASTBTC","a":5167613,"T":1595721680029,"e":"aggTrade","p":"0.00000665","f":7127065},{"m":true,"E":1595721680132,"l":7127066,"M":true,"q":"237.00000000","s":"ASTBTC","a":5167614,"T":1595721680131,"e":"aggTrade","p":"0.00000665","f":7127066},{"m":true,"E":1595721680132,"l":7127067,"M":true,"q":"372.00000000","s":"ASTBTC","a":5167615,"T":1595721680131,"e":"aggTrade","p":"0.00000663","f":7127067},{"m":false,"E":1595721680177,"l":7127069,"M":true,"q":"164.00000000","s":"ASTBTC","a":5167616,"T":1595721680175,"e":"aggTrade","p":"0.00000668","f":7127068},{"m":false,"E":1595721680177,"l":7127070,"M":true,"q":"37.00000000","s":"ASTBTC","a":5167617,"T":1595721680175,"e":"aggTrade","p":"0.00000669","f":7127070},{"m":false,"E":1595721680177,"l":7127071,"M":true,"q":"22.00000000","s":"ASTBTC","a":5167618,"T":1595721680175,"e":"aggTrade","p":"0.00000670","f":7127071},{"m":true,"E":1595721680200,"l":7127073,"M":true,"q":"609.00000000","s":"ASTBTC","a":5167619,"T":1595721680199,"e":"aggTrade","p":"0.00000663","f":7127072},{"m":false,"E":1595721680667,"l":7127074,"M":true,"q":"113.00000000","s":"ASTBTC","a":5167620,"T":1595721680666,"e":"aggTrade","p":"0.00000664","f":7127074},{"m":true,"E":1595721681030,"l":7127076,"M":true,"q":"610.00000000","s":"ASTBTC","a":5167621,"T":1595721681028,"e":"aggTrade","p":"0.00000664","f":7127075},{"m":false,"E":1595721681072,"l":7127077,"M":true,"q":"34.00000000","s":"ASTBTC","a":5167622,"T":1595721681071,"e":"aggTrade","p":"0.00000665","f":7127077},{"m":true,"E":1595721681102,"l":7127078,"M":true,"q":"618.00000000","s":"ASTBTC","a":5167623,"T":1595721681101,"e":"aggTrade","p":"0.00000664","f":7127078},{"m":false,"E":1595721681145,"l":7127079,"M":true,"q":"272.00000000","s":"ASTBTC","a":5167624,"T":1595721681143,"e":"aggTrade","p":"0.00000667","f":7127079},{"m":false,"E":1595721681145,"l":7127080,"M":true,"q":"102.00000000","s":"ASTBTC","a":5167625,"T":1595721681143,"e":"aggTrade","p":"0.00000668","f":7127080},{"m":false,"E":1595721681145,"l":7127081,"M":true,"q":"26.00000000","s":"ASTBTC","a":5167626,"T":1595721681143,"e":"aggTrade","p":"0.00000669","f":7127081},{"m":false,"E":1595721681675,"l":7127082,"M":true,"q":"2856.00000000","s":"ASTBTC","a":5167627,"T":1595721681673,"e":"aggTrade","p":"0.00000667","f":7127082},{"m":false,"E":1595721681675,"l":7127083,"M":true,"q":"144.00000000","s":"ASTBTC","a":5167628,"T":1595721681673,"e":"aggTrade","p":"0.00000668","f":7127083},{"m":true,"E":1595721681767,"l":7127084,"M":true,"q":"102.00000000","s":"ASTBTC","a":5167629,"T":1595721681765,"e":"aggTrade","p":"0.00000664","f":7127084},{"m":true,"E":1595721681936,"l":7127085,"M":true,"q":"26.00000000","s":"ASTBTC","a":5167630,"T":1595721681935,"e":"aggTrade","p":"0.00000665","f":7127085},{"m":false,"E":1595721682173,"l":7127087,"M":true,"q":"632.00000000","s":"ASTBTC","a":5167631,"T":1595721682171,"e":"aggTrade","p":"0.00000668","f":7127086},{"m":false,"E":1595721682173,"l":7127088,"M":true,"q":"70.00000000","s":"ASTBTC","a":5167632,"T":1595721682171,"e":"aggTrade","p":"0.00000669","f":7127088},{"m":true,"E":1595721682558,"l":7127089,"M":true,"q":"11.00000000","s":"ASTBTC","a":5167633,"T":1595721682557,"e":"aggTrade","p":"0.00000665","f":7127089},{"m":true,"E":1595721682558,"l":7127091,"M":true,"q":"2851.00000000","s":"ASTBTC","a":5167634,"T":1595721682557,"e":"aggTrade","p":"0.00000664","f":7127090},{"m":false,"E":1595721682879,"l":7127092,"M":true,"q":"35.00000000","s":"ASTBTC","a":5167635,"T":1595721682877,"e":"aggTrade","p":"0.00000664","f":7127092},{"m":false,"E":1595721682990,"l":7127093,"M":true,"q":"605.00000000","s":"ASTBTC","a":5167636,"T":1595721682989,"e":"aggTrade","p":"0.00000668","f":7127093},{"m":false,"E":1595721683344,"l":7127094,"M":true,"q":"145.00000000","s":"ASTBTC","a":5167637,"T":1595721683343,"e":"aggTrade","p":"0.00000668","f":7127094},{"m":true,"E":1595721684059,"l":7127095,"M":true,"q":"79.00000000","s":"ASTBTC","a":5167638,"T":1595721684057,"e":"aggTrade","p":"0.00000668","f":7127095},{"m":true,"E":1595721684059,"l":7127096,"M":true,"q":"169.00000000","s":"ASTBTC","a":5167639,"T":1595721684057,"e":"aggTrade","p":"0.00000665","f":7127096},{"m":true,"E":1595721684059,"l":7127098,"M":true,"q":"558.00000000","s":"ASTBTC","a":5167640,"T":1595721684057,"e":"aggTrade","p":"0.00000664","f":7127097},{"m":true,"E":1595721684059,"l":7127099,"M":true,"q":"283.00000000","s":"ASTBTC","a":5167641,"T":1595721684057,"e":"aggTrade","p":"0.00000663","f":7127099},{"m":false,"E":1595721684242,"l":7127101,"M":true,"q":"3179.00000000","s":"ASTBTC","a":5167642,"T":1595721684241,"e":"aggTrade","p":"0.00000669","f":7127100},{"m":false,"E":1595721690242,"l":7127111,"M":true,"q":"452.00000000","s":"ASTBTC","a":5167643,"T":1595721690240,"e":"aggTrade","p":"0.00000666","f":7127102},{"m":false,"E":1595721690629,"l":7127115,"M":true,"q":"774.00000000","s":"ASTBTC","a":5167644,"T":1595721690627,"e":"aggTrade","p":"0.00000668","f":7127112},{"m":false,"E":1595721690629,"l":7127117,"M":true,"q":"360.00000000","s":"ASTBTC","a":5167645,"T":1595721690627,"e":"aggTrade","p":"0.00000669","f":7127116},{"m":false,"E":1595721690629,"l":7127120,"M":true,"q":"339.00000000","s":"ASTBTC","a":5167646,"T":1595721690627,"e":"aggTrade","p":"0.00000670","f":7127118},{"m":false,"E":1595721691162,"l":7127123,"M":true,"q":"919.00000000","s":"ASTBTC","a":5167647,"T":1595721691159,"e":"aggTrade","p":"0.00000670","f":7127121},{"m":false,"E":1595721691162,"l":7127129,"M":true,"q":"3592.00000000","s":"ASTBTC","a":5167648,"T":1595721691159,"e":"aggTrade","p":"0.00000671","f":7127124},{"m":false,"E":1595721694041,"l":7127130,"M":true,"q":"607.00000000","s":"ASTBTC","a":5167649,"T":1595721694040,"e":"aggTrade","p":"0.00000667","f":7127130},{"m":false,"E":1595721694041,"l":7127131,"M":true,"q":"585.00000000","s":"ASTBTC","a":5167650,"T":1595721694040,"e":"aggTrade","p":"0.00000670","f":7127131},{"m":true,"E":1595721696376,"l":7127133,"M":true,"q":"610.00000000","s":"ASTBTC","a":5167651,"T":1595721696374,"e":"aggTrade","p":"0.00000666","f":7127132},{"m":true,"E":1595721696376,"l":7127137,"M":true,"q":"401.00000000","s":"ASTBTC","a":5167652,"T":1595721696374,"e":"aggTrade","p":"0.00000665","f":7127134},{"m":false,"E":1595721697176,"l":7127138,"M":true,"q":"543.00000000","s":"ASTBTC","a":5167653,"T":1595721697175,"e":"aggTrade","p":"0.00000669","f":7127138},{"m":false,"E":1595721697176,"l":7127140,"M":true,"q":"2386.00000000","s":"ASTBTC","a":5167654,"T":1595721697175,"e":"aggTrade","p":"0.00000670","f":7127139},{"m":false,"E":1595721697974,"l":7127142,"M":true,"q":"258.00000000","s":"ASTBTC","a":5167655,"T":1595721697972,"e":"aggTrade","p":"0.00000669","f":7127141},{"m":false,"E":1595721697974,"l":7127143,"M":true,"q":"226.00000000","s":"ASTBTC","a":5167656,"T":1595721697972,"e":"aggTrade","p":"0.00000670","f":7127143},{"m":false,"E":1595721697974,"l":7127144,"M":true,"q":"806.00000000","s":"ASTBTC","a":5167657,"T":1595721697972,"e":"aggTrade","p":"0.00000671","f":7127144},{"m":false,"E":1595721697974,"l":7127145,"M":true,"q":"1968.00000000","s":"ASTBTC","a":5167658,"T":1595721697972,"e":"aggTrade","p":"0.00000672","f":7127145},{"m":false,"E":1595721699285,"l":7127146,"M":true,"q":"26.00000000","s":"ASTBTC","a":5167659,"T":1595721699284,"e":"aggTrade","p":"0.00000668","f":7127146},{"m":true,"E":1595721702431,"l":7127149,"M":true,"q":"6712.00000000","s":"ASTBTC","a":5167660,"T":1595721702430,"e":"aggTrade","p":"0.00000666","f":7127147},{"m":true,"E":1595721705350,"l":7127150,"M":true,"q":"1605.00000000","s":"ASTBTC","a":5167661,"T":1595721705349,"e":"aggTrade","p":"0.00000666","f":7127150},{"m":true,"E":1595721705460,"l":7127151,"M":true,"q":"30.00000000","s":"ASTBTC","a":5167662,"T":1595721705459,"e":"aggTrade","p":"0.00000666","f":7127151},{"m":true,"E":1595721705678,"l":7127152,"M":true,"q":"227.00000000","s":"ASTBTC","a":5167663,"T":1595721705676,"e":"aggTrade","p":"0.00000666","f":7127152},{"m":true,"E":1595721705900,"l":7127153,"M":true,"q":"654.00000000","s":"ASTBTC","a":5167664,"T":1595721705899,"e":"aggTrade","p":"0.00000666","f":7127153},{"m":true,"E":1595721706134,"l":7127154,"M":true,"q":"2542.00000000","s":"ASTBTC","a":5167665,"T":1595721706133,"e":"aggTrade","p":"0.00000666","f":7127154},{"m":true,"E":1595721706629,"l":7127155,"M":true,"q":"40.00000000","s":"ASTBTC","a":5167666,"T":1595721706628,"e":"aggTrade","p":"0.00000666","f":7127155},{"m":true,"E":1595721707711,"l":7127156,"M":true,"q":"31.00000000","s":"ASTBTC","a":5167667,"T":1595721707710,"e":"aggTrade","p":"0.00000666","f":7127156},{"m":true,"E":1595721709835,"l":7127157,"M":true,"q":"280.00000000","s":"ASTBTC","a":5167668,"T":1595721709834,"e":"aggTrade","p":"0.00000667","f":7127157},{"m":false,"E":1595721710402,"l":7127158,"M":true,"q":"75.00000000","s":"ASTBTC","a":5167669,"T":1595721710400,"e":"aggTrade","p":"0.00000668","f":7127158},{"m":true,"E":1595721711043,"l":7127159,"M":true,"q":"557.00000000","s":"ASTBTC","a":5167670,"T":1595721711042,"e":"aggTrade","p":"0.00000666","f":7127159},{"m":false,"E":1595721715671,"l":7127160,"M":true,"q":"145.00000000","s":"ASTBTC","a":5167671,"T":1595721715670,"e":"aggTrade","p":"0.00000668","f":7127160},{"m":false,"E":1595721720075,"l":7127161,"M":true,"q":"639.00000000","s":"ASTBTC","a":5167672,"T":1595721720073,"e":"aggTrade","p":"0.00000668","f":7127161},{"m":false,"E":1595721720075,"l":7127163,"M":true,"q":"1030.00000000","s":"ASTBTC","a":5167673,"T":1595721720073,"e":"aggTrade","p":"0.00000671","f":7127162},{"m":false,"E":1595721720075,"l":7127164,"M":true,"q":"2040.00000000","s":"ASTBTC","a":5167674,"T":1595721720073,"e":"aggTrade","p":"0.00000672","f":7127164},{"m":false,"E":1595721724188,"l":7127165,"M":true,"q":"617.00000000","s":"ASTBTC","a":5167675,"T":1595721724186,"e":"aggTrade","p":"0.00000670","f":7127165},{"m":false,"E":1595721724188,"l":7127166,"M":true,"q":"60.00000000","s":"ASTBTC","a":5167676,"T":1595721724186,"e":"aggTrade","p":"0.00000672","f":7127166},{"m":true,"E":1595721724992,"l":7127167,"M":true,"q":"546.00000000","s":"ASTBTC","a":5167677,"T":1595721724991,"e":"aggTrade","p":"0.00000668","f":7127167},{"m":true,"E":1595721724992,"l":7127168,"M":true,"q":"1251.00000000","s":"ASTBTC","a":5167678,"T":1595721724991,"e":"aggTrade","p":"0.00000667","f":7127168},{"m":false,"E":1595721727114,"l":7127169,"M":true,"q":"268.00000000","s":"ASTBTC","a":5167679,"T":1595721727113,"e":"aggTrade","p":"0.00000671","f":7127169},{"m":false,"E":1595721727528,"l":7127170,"M":true,"q":"278.00000000","s":"ASTBTC","a":5167680,"T":1595721727527,"e":"aggTrade","p":"0.00000671","f":7127170},{"m":true,"E":1595721733494,"l":7127171,"M":true,"q":"94.00000000","s":"ASTBTC","a":5167681,"T":1595721733493,"e":"aggTrade","p":"0.00000671","f":7127171},{"m":false,"E":1595721735038,"l":7127173,"M":true,"q":"2672.00000000","s":"ASTBTC","a":5167682,"T":1595721735036,"e":"aggTrade","p":"0.00000671","f":7127172}]]},{"peak":"3.36773493|450,-4.04592674|720,4.86604702|960,-3.50782515|600,3.50782515|150,-3.39622642|1440,5.17520216|2160,-4.22008547|1740,9.29487179|1950,-11.19565217|2460,5.59782609|9510,-4.91360691|5301","transactionList":[{},{},{},{},{},{},{},{},{},{},{},{}]},{"peak":"-2.31969633|2010,18.87389287|2340,-10.92089728|3090,18.53600945|3330,-4.09538621|420,3.71522378|210,-3.84083045|300,3.30449827|360,-16.39376218|540,3.82066277|390,-4.08442447|180,6.85948798|720,-7.93525464|990,4.20450059|1050,-7.77868518|420,11.67823601|3510,-8.18829114|4320,9.79034810|2310,-7.20355350|1617,6.02549247|1168,6.02549247|1168","transactionList":[{},{},{},{},{},{},{},{},{},{},{},{},{},{},{},{},{},{},{},{},[]]},{"peak":"-8.16993464|990,13.56209150|1650,-6.75883257|570,5.52995392|510,-3.77643505|300,12.38670695|510,-4.05594406|210,8.11188811|420,-3.89784946|390,3.62903226|120,-7.23226704|420,3.75521558|210,-3.46740638|60,6.24133148|330,-6.68523677|360,6.40668524|630,-3.24324324|630,15.81081081|1440,-7.39348371|570,22.93233083|840,-5.25751073|180,5.57939914|180,-3.25288562|120,7.34522560|180,-12.41758242|300,15.49450549|90,-6.16161616|300,3.23232323|60,-7.80590717|450,3.48101266|90,-4.02969247|210,10.49840933|120,-8.65484880|840,4.79666319|150,-4.90605428|180,17.32776618|690,-3.97779833|180,3.42275671|60,-7.50000000|300,14.32692308|450,-5.68888889|180,4.17777778|120,-7.72058824|660,7.99632353|300,-8.29493088|750,11.61290323|690,-3.68150685|420,4.28082192|420,-3.74787053|390,5.53662692|210,-7.73913043|720,11.39130435|600,-4.74243663|300,3.10711365|90,-21.83574879|810,5.50724638|30,-4.89913545|60,7.68491835|150,-3.12787489|60,3.40386385|60,-4.17052827|240,13.06765524|540,-5.53633218|690,7.09342561|240,-13.05936073|780,3.56164384|360,-5.88235294|210,7.09617180|255,-11.68451801|1146,3.60272639|96,-3.80487805|216,13.65853659|546,-5.71687840|142,5.80762250|337,-9.48356808|174,3.09859155|80,-5.57692308|117,-5.88235294|139,3.37512054|29,-3.87596899|130","transactionList":[{},{},{},{},{},{},{},{},{},{},{},{},{},{},{},{},{},{},{},{},{},{},{},{},{},{},{},{},{},{},{},{},{},{},{},{},{},{},{},{},{},{},{},{},{},{},{},{},{},{},{},{},{},{},{},{},{},{},{},{},{},{},{},{},{},{},{},{},{},{},{},{},{},{},{},{},{},[{"m":false,"E":1595711437515,"l":9470422,"M":true,"q":"6.00000000","s":"FETBTC","a":6180282,"T":1595711437513,"e":"aggTrade","p":"0.00000521","f":9470422},{"m":false,"E":1595711484416,"l":9470425,"M":true,"q":"2775.00000000","s":"FETBTC","a":6180283,"T":1595711484415,"e":"aggTrade","p":"0.00000522","f":9470423},{"m":true,"E":1595711487428,"l":9470426,"M":true,"q":"2104.00000000","s":"FETBTC","a":6180284,"T":1595711487427,"e":"aggTrade","p":"0.00000521","f":9470426},{"m":true,"E":1595711492658,"l":9470428,"M":true,"q":"2565.00000000","s":"FETBTC","a":6180285,"T":1595711492656,"e":"aggTrade","p":"0.00000521","f":9470427}