[{"peak":"","transactionList":[]},{"peak":"5.72232645|930,-11.03448276|4260,14.91625616|6930,-4.49740190|900,7.04174879|2310,-24.51021259|6120,3.52230096|150,-3.54388159|150,6.52491140|630,-3.84068279|330,14.08250356|2685,-8.54601701|2929","transactionList":[{},{},{},{},{},{},{},{},{},{},{},{}]},{"peak":"-11.44578313|6600,6.22489960|3960,-3.52250489|1230,6.84931507|3900,-5.81395349|1530,3.87596899|1830,-19.11111111|4230,7.77777778|2130,-4.97835498|750,11.68831169|834,-7.50000000|489,7.08333333|438,-11.98257081|1156,3.05010893|393,-4.18502203|80","transactionList":[{},{},{},{},{},{},{},{},{},{},{},{},{},{},{}]},{"peak":"5.19287834|1260,-10.26438569|4230,15.00777605|8970,-6.25000000|1650,5.35201149|2550,-13.72625048|1230,6.55292749|450,-27.51740139|1410,5.05800464|150,-5.69561158|150,7.79645191|750,-4.85921889|60,20.02724796|1200,-10.17090454|900,9.17048770|630,-14.86842105|1875,4.82456140|839","transactionList":[{},{},{},{},{},{},{},{},{},{},{},{},{},{},{},{},{}]},{"peak":"4.66101695|330,-4.66101695|450,14.83050847|540,-4.23076923|60,4.23076923|90,-13.86554622|540,13.02521008|450,-9.34959350|330,3.65853659|150,-4.93827160|360,3.29218107|390,-6.35593220|960,13.13559322|720,-3.48837209|90,5.03875969|150,-5.85937500|360,3.51562500|360,-7.72357724|450,4.87804878|1770,-3.20000000|270,5.20000000|330,-3.13725490|300,15.68627451|630,-4.24028269|240,8.48056537|270,-4.06779661|150,4.40677966|150,-13.23529412|570,3.30882353|120,-6.03773585|330,7.16981132|210,-3.27272727|150,8.36363636|540,-8.36363636|300,4.00000000|690,-3.24909747|60,5.41516245|120,-6.95970696|210,7.69230769|600,-3.52112676|480,15.49295775|480,-11.18644068|450,7.11864407|990,-11.66077739|90,3.53356890|810,-8.51851852|870,3.70370370|150,-3.32103321|720,14.02214022|270,-24.59677419|1110,7.25806452|240,-3.10077519|90,3.48837209|360,-17.10526316|480,6.14035088|150,-18.62745098|510,16.17647059|210,-11.79245283|90,16.98113208|660,-10.71428571|330,3.57142857|330,-3.11111111|90,25.33333333|780,-4.05904059|90,4.79704797|120,-9.65250965|150,16.21621622|630,-4.15224913|90,5.53633218|60,-9.71223022|468,3.95683453|9,-9.88593156|354,12.54752852|222,-12.54752852|837,6.46387833|30,-10.23622047|165,4.72440945|93,-3.90625000|168,6.25000000|261,-11.02040816|320,3.67346939|69,-3.25203252|124,-3.25203252|124,7.72357724|293","transactionList":[{},{},{},{},{},{},{},{},{},{},{},{},{},{},{},{},{},{},{},{},{},{},{},{},{},{},{},{},{},{},{},{},{},{},{},{},{},{},{},{},{},{},{},{},{},{},{},{},{},{},{},{},{},{},{},{},{},{},{},{},{},{},{},{},{},{},{},{},{},{},{},{},{},{},{},{},{},{},{},{},{},{},[{"m":true,"l":6598874,"M":true,"q":"125555.00000000","a":4115936,"T":1596274202449,"p":"0.00000123","f":6598862}],[{"m":false,"E":1596291792266,"l":6600056,"M":true,"q":"162603.00000000","s":"DOCKBTC","a":4116375,"T":1596291792264,"e":"aggTrade","p":"0.00000132","f":6600052},{"m":false,"E":1596291792268,"l":6600061,"M":true,"q":"67438.00000000","s":"DOCKBTC","a":4116376,"T":1596291792265,"e":"aggTrade","p":"0.00000132","f":6600057},{"m":false,"E":1596291792354,"l":6600081,"M":true,"q":"130000.00000000","s":"DOCKBTC","a":4116377,"T":1596291792351,"e":"aggTrade","p":"0.00000133","f":6600062},{"m":true,"E":1596291793010,"l":6600082,"M":true,"q":"11279.00000000","s":"DOCKBTC","a":4116378,"T":1596291793009,"e":"aggTrade","p":"0.00000132","f":6600082}]]},{"peak":"-2.48612117|150,3.40333092|120,-6.69987547|1890,3.91033624|900,-5.06169731|450,17.95517502|540,-22.26572696|2700,7.83085356|1890,-4.02921179|930,5.26315789|1230,-4.18743769|900,3.68893320|1320,-7.49354005|450,3.79844961|30,-3.98653896|660,4.78902407|1860,-30.37037037|6330,6.57004831|180,-13.12820513|480,5.05982906|210,-3.92289483|240,5.61379777|480,-4.76350218|360,12.64676283|1050,-8.60284605|540,5.72445019|1131,-11.49386085|2793","transactionList":[{},{},{},{},{},{},{},{},{},{},{},{},{},{},{},{},{},{},{},{},{},{},{},{},{},{},{}]},{"peak":"-7.36648250|3690,6.44567219|1920,-6.25000000|720,10.29411765|3210,-9.89010989|4110,5.49450549|1950,-6.66666667|2520,7.96296296|2520,-6.00000000|240,10.54545455|240,-27.19665272|1470,3.97489540|930,-3.75782881|180,4.17536534|390,-8.95196507|4185,3.93013100|638,-5.30973451|311","transactionList":[{},{},{},{},{},{},{},{},{},{},{},{},{},{},{},{},{}]},{"peak":"-13.61702128|3510,4.89361702|210,-4.22832981|270,3.59408034|720,-11.36363636|1350,3.63636364|60,-4.10958904|120,6.16438356|420,-4.49438202|990,7.86516854|2640,-3.89610390|630,9.95670996|1410,-5.39419087|240,3.94190871|420,-6.14406780|390,21.82203390|2070,-8.49056604|480,4.52830189|180,-11.24497992|630,4.81927711|900,-3.57142857|240,4.36507937|150,-5.62248996|570,6.42570281|960,-10.87866109|1140,5.02092050|330,-27.73536896|1530,5.34351145|90,-8.66141732|300,8.92388451|570,-5.32994924|120,6.59898477|450,-5.52763819|810,9.79899497|390,-6.84596577|390,8.80195599|1104,-5.95238095|399,3.09523810|225,-13.35078534|810,3.66492147|36,-5.88235294|808,-5.88235294|808","transactionList":[{},{},{},{},{},{},{},{},{},{},{},{},{},{},{},{},{},{},{},{},{},{},{},{},{},{},{},{},{},{},{},{},{},{},{},{},{},{},{},{},{},[{"m":true,"l":1927673,"M":true,"q":"3935.00000000","a":1062822,"T":1596262861104,"p":"0.00000188","f":1927669},{"m":false,"l":1927674,"M":true,"q":"4146.00000000","a":1062823,"T":1596262875426,"p":"0.00000188","f":1927674},{"m":true,"l":1927677,"M":true,"q":"3306.00000000","a":1062824,"T":1596262908180,"p":"0.00000187","f":1927675},{"m":true,"l":1927678,"M":true,"q":"17555.00000000","a":1062825,"T":1596262908180,"p":"0.00000187","f":1927678},{"m":true,"l":1927679,"M":true,"q":"17756.00000000","a":1062826,"T":1596262908180,"p":"0.00000187","f":1927679},{"m":true,"l":1927680,"M":true,"q":"4547.00000000","a":1062827,"T":1596262912609,"p":"0.00000187","f":1927680}]]},{"peak":"12.19512195|570,-13.72064277|1260,5.06798517|330,-8.28025478|510,3.69426752|210,-6.12777053|420,24.11994785|960,-3.93013100|60,15.06550218|330,-4.66732870|60,35.94836147|390,-12.12121212|210,15.64291564|390,-7.45814307|150,9.43683409|210,-15.04000000|330,11.12000000|90,-13.94585726|570,5.74241181|120,-4.62662338|240,10.55194805|420,-3.81097561|120,7.01219512|870,-8.41698842|390,3.39768340|540,-13.09121622|1920,43.91891892|1140,-4.22018349|60,20.12232416|60,-15.59741024|210,6.12124779|60,-9.47176685|150,9.10746812|90,-6.77361854|270,17.94414736|90,-15.74344023|240,15.10204082|90,-28.68318123|210,4.82398957|510,-5.16677567|210,6.27861347|390,-3.10913706|30,5.13959391|90,-12.87465940|810,14.30517711|450,-5.26976161|90,8.15558344|120,-16.56524679|480,11.15618661|300,-6.33893920|120,11.19016818|690,-5.84975369|300,6.52709360|150,-26.73992674|2130,6.08058608|240,-5.38573508|90,3.12954876|240,-15.76797386|480,4.08496732|30,-28.29808661|750,10.47331319|150,-12.86008230|330,42.59259259|420,-10.61452514|300,3.91061453|30,-6.37254902|60,3.92156863|60,-3.41463415|60,8.29268293|90,-3.65758755|30,15.48638132|240,-5.84878745|60,3.35235378|150,-4.39481268|120,9.36599424|120,-13.03052867|360,7.29709605|120,-7.61762509|480,14.93651979|480,-5.33880903|180,9.65092402|96,-4.50097847|51,18.72146119|96,-4.59770115|24,5.86206897|12,-8.09859155|24,3.46244131|45,-8.09319436|129,8.21581852|54,-9.01791229|87,6.11488573|90,-4.82001220|69,10.31116534|360,-11.74289246|264,3.21384425|81,-3.34158416|69,3.27970297|30,-12.84651792|285,11.56186613|204,-6.79611650|158,8.73786408|54,-3.70370370|71,7.22222222|135,-12.13686249|208,6.77856682|354,15.88121369|621,-3.87731481|11,10.87962963|35","transactionList":[{},{},{},{},{},{},{},{},{},{},{},{},{},{},{},{},{},{},{},{},{},{},{},{},{},{},{},{},{},{},{},{},{},{},{},{},{},{},{},{},{},{},{},{},{},{},{},{},{},{},{},{},{},{},{},{},{},{},{},{},{},{},{},{},{},{},{},{},{},{},{},{},{},{},{},{},{},{},{},{},{},{},{},{},{},{},{},{},{},{},{},{},{},{},{},{},{},{},{},{},{},{},{},{},{},[{"m":true,"E":1596298613536,"l":6671092,"M":true,"q":"7740.00000000","s":"BLZBTC","a":5043677,"T":1596298613535,"e":"aggTrade","p":"0.00000888","f":6671092},{"m":true,"E":1596298613536,"l":6671093,"M":true,"q":"1629.00000000","s":"BLZBTC","a":5043678,"T":1596298613535,"e":"aggTrade","p":"0.00000887","f":6671093},{"m":false,"E":1596298613634,"l":6671094,"M":true,"q":"6056.00000000","s":"BLZBTC","a":5043679,"T":1596298613633,"e":"aggTrade","p":"0.00000886","f":6671094},{"m":false,"E":1596298614246,"l":6671095,"M":true,"q":"17.00000000","s":"BLZBTC","a":5043680,"T":1596298614245,"e":"aggTrade","p":"0.00000886","f":6671095},{"m":false,"E":1596298616520,"l":6671096,"M":true,"q":"3000.00000000","s":"BLZBTC","a":5043681,"T":1596298616519,"e":"aggTrade","p":"0.00000886","f":6671096},{"m":true,"E":1596298617229,"l":6671101,"M":true,"q":"123.00000000","s":"BLZBTC","a":5043682,"T":1596298617227,"e":"aggTrade","p":"0.00000885","f":6671097},{"m":true,"E":1596298617229,"l":6671106,"M":true,"q":"1835.00000000","s":"BLZBTC","a":5043683,"T":1596298617227,"e":"aggTrade","p":"0.00000883","f":6671102},{"m":false,"E":1596298617896,"l":6671107,"M":true,"q":"301.00000000","s":"BLZBTC","a":5043684,"T":1596298617895,"e":"aggTrade","p":"0.00000883","f":6671107},{"m":false,"E":1596298617896,"l":6671108,"M":true,"q":"242.00000000","s":"BLZBTC","a":5043685,"T":1596298617895,"e":"aggTrade","p":"0.00000886","f":6671108},{"m":true,"E":1596298619361,"l":6671109,"M":true,"q":"74.00000000","s":"BLZBTC","a":5043686,"T":1596298619360,"e":"aggTrade","p":"0.00000882","f":6671109},{"m":true,"E":1596298619429,"l":6671116,"M":true,"q":"824.00000000","s":"BLZBTC","a":5043687,"T":1596298619428,"e":"aggTrade","p":"0.00000882","f":6671110},{"m":true,"E":1596298619429,"l":6671119,"M":true,"q":"1618.00000000","s":"BLZBTC","a":5043688,"T":1596298619428,"e":"aggTrade","p":"0.00000881","f":6671117},{"m":true,"E":1596298619489,"l":6671120,"M":true,"q":"18.00000000","s":"BLZBTC","a":5043689,"T":1596298619488,"e":"aggTrade","p":"0.00000881","f":6671120},{"m":true,"E":1596298619831,"l":6671121,"M":true,"q":"12.00000000","s":"BLZBTC","a":5043690,"T":1596298619830,"e":"aggTrade","p":"0.00000882","f":6671121},{"m":false,"E":1596298620308,"l":6671122,"M":true,"q":"473.00000000","s":"BLZBTC","a":5043691,"T":1596298620307,"e":"aggTrade","p":"0.00000884","f":6671122},{"m":false,"E":1596298620367,"l":6671123,"M":true,"q":"14.00000000","s":"BLZBTC","a":5043692,"T":1596298620366,"e":"aggTrade","p":"0.00000884","f":6671123},{"m":false,"E":1596298620370,"l":6671124,"M":true,"q":"1109.00000000","s":"BLZBTC","a":5043693,"T":1596298620369,"e":"aggTrade","p":"0.00000884","f":6671124},{"m":false,"E":1596298620370,"l":6671125,"M":true,"q":"487.00000000","s":"BLZBTC","a":5043694,"T":1596298620369,"e":"aggTrade","p":"0.00000885","f":6671125},{"m":false,"E":1596298620961,"l":6671127,"M":true,"q":"4338.00000000","s":"BLZBTC","a":5043695,"T":1596298620960,"e":"aggTrade","p":"0.00000885","f":6671126},{"m":false,"E":1596298621326,"l":6671128,"M":true,"q":"206.00000000","s":"BLZBTC","a":5043696,"T":1596298621323,"e":"aggTrade","p":"0.00000885","f":6671128},{"m":false,"E":1596298621326,"l":6671131,"M":true,"q":"1377.00000000","s":"BLZBTC","a":5043697,"T":1596298621323,"e":"aggTrade","p":"0.00000886","f":6671129},{"m":false,"E":1596298621326,"l":6671134,"M":true,"q":"303.00000000","s":"BLZBTC","a":5043698,"T":1596298621323,"e":"aggTrade","p":"0.00000887","f":6671132},{"m":false,"E":1596298621326,"l":6671143,"M":true,"q":"2766.00000000","s":"BLZBTC","a":5043699,"T":1596298621323,"e":"aggTrade","p":"0.00000888","f":6671135},{"m":false,"E":1596298621326,"l":6671144,"M":true,"q":"2939.00000000","s":"BLZBTC","a":5043700,"T":1596298621323,"e":"aggTrade","p":"0.00000889","f":6671144},{"m":false,"E":1596298621527,"l":6671145,"M":true,"q":"2980.00000000","s":"BLZBTC","a":5043701,"T":1596298621526,"e":"aggTrade","p":"0.00000888","f":6671145},{"m":false,"E":1596298621605,"l":6671146,"M":true,"q":"48.00000000","s":"BLZBTC","a":5043702,"T":1596298621604,"e":"aggTrade","p":"0.00000884","f":6671146},{"m":false,"E":1596298622116,"l":6671147,"M":true,"q":"17.00000000","s":"BLZBTC","a":5043703,"T":1596298622114,"e":"aggTrade","p":"0.00000884","f":6671147},{"m":false,"E":1596298622116,"l":6671148,"M":true,"q":"17.00000000","s":"BLZBTC","a":5043704,"T":1596298622114,"e":"aggTrade","p":"0.00000885","f":6671148},{"m":false,"E":1596298622116,"l":6671149,"M":true,"q":"21.00000000","s":"BLZBTC","a":5043705,"T":1596298622114,"e":"aggTrade","p":"0.00000886","f":6671149},{"m":false,"E":1596298622116,"l":6671150,"M":true,"q":"1445.00000000","s":"BLZBTC","a":5043706,"T":1596298622114,"e":"aggTrade","p":"0.00000888","f":6671150},{"m":true,"E":1596298623565,"l":6671155,"M":true,"q":"21326.00000000","s":"BLZBTC","a":5043707,"T":1596298623563,"e":"aggTrade","p":"0.00000886","f":6671151},{"m":true,"E":1596298623591,"l":6671156,"M":true,"q":"48.00000000","s":"BLZBTC","a":5043708,"T":1596298623590,"e":"aggTrade","p":"0.00000886","f":6671156},{"m":false,"E":1596298625009,"l":6671157,"M":true,"q":"436.00000000","s":"BLZBTC","a":5043709,"T":1596298625008,"e":"aggTrade","p":"0.00000887","f":6671157},{"m":false,"E":1596298625201,"l":6671158,"M":true,"q":"83.00000000","s":"BLZBTC","a":5043710,"T":1596298625200,"e":"aggTrade","p":"0.00000887","f":6671158},{"m":false,"E":1596298625201,"l":6671160,"M":true,"q":"662.00000000","s":"BLZBTC","a":5043711,"T":1596298625200,"e":"aggTrade","p":"0.00000888","f":6671159},{"m":false,"E":1596298626207,"l":6671161,"M":true,"q":"381.00000000","s":"BLZBTC","a":5043712,"T":1596298626205,"e":"aggTrade","p":"0.00000889","f":6671161},{"m":false,"E":1596298626213,"l":6671162,"M":true,"q":"381.00000000","s":"BLZBTC","a":5043713,"T":1596298626212,"e":"aggTrade","p":"0.00000889","f":6671162},{"m":false,"E":1596298626328,"l":6671164,"M":true,"q":"26525.00000000","s":"BLZBTC","a":5043714,"T":1596298626326,"e":"aggTrade","p":"0.00000889","f":6671163},{"m":false,"E":1596298626349,"l":6671168,"M":true,"q":"2013.00000000","s":"BLZBTC","a":5043715,"T":1596298626348,"e":"aggTrade","p":"0.00000889","f":6671165},{"m":false,"E":1596298626587,"l":6671177,"M":true,"q":"20000.00000000","s":"BLZBTC","a":5043716,"T":1596298626584,"e":"aggTrade","p":"0.00000890","f":6671169},{"m":false,"E":1596298627184,"l":6671178,"M":true,"q":"290.00000000","s":"BLZBTC","a":5043717,"T":1596298627183,"e":"aggTrade","p":"0.00000890","f":6671178},{"m":true,"E":1596298628528,"l":6671179,"M":true,"q":"906.00000000","s":"BLZBTC","a":5043718,"T":1596298628527,"e":"aggTrade","p":"0.00000888","f":6671179},{"m":false,"E":1596298628670,"l":6671180,"M":true,"q":"33620.00000000","s":"BLZBTC","a":5043719,"T":1596298628669,"e":"aggTrade","p":"0.00000890","f":6671180},{"m":true,"E":1596298628784,"l":6671181,"M":true,"q":"9544.00000000","s":"BLZBTC","a":5043720,"T":1596298628783,"e":"aggTrade","p":"0.00000888","f":6671181},{"m":false,"E":1596298629535,"l":6671182,"M":true,"q":"23.00000000","s":"BLZBTC","a":5043721,"T":1596298629533,"e":"aggTrade","p":"0.00000890","f":6671182},{"m":false,"E":1596298630705,"l":6671183,"M":true,"q":"113.00000000","s":"BLZBTC","a":5043722,"T":1596298630703,"e":"aggTrade","p":"0.00000890","f":6671183},{"m":false,"E":1596298631142,"l":6671184,"M":true,"q":"19753.00000000","s":"BLZBTC","a":5043723,"T":1596298631140,"e":"aggTrade","p":"0.00000890","f":6671184},{"m":true,"E":1596298631193,"l":6671185,"M":true,"q":"4663.00000000","s":"BLZBTC","a":5043724,"T":1596298631191,"e":"aggTrade","p":"0.00000888","f":6671185},{"m":false,"E":1596298631208,"l":6671186,"M":true,"q":"4.00000000","s":"BLZBTC","a":5043725,"T":1596298631207,"e":"aggTrade","p":"0.00000890","f":6671186},{"m":false,"E":1596298631376,"l":6671187,"M":true,"q":"1542.00000000","s":"BLZBTC","a":5043726,"T":1596298631375,"e":"aggTrade","p":"0.00000890","f":6671187},{"m":false,"E":1596298632275,"l":6671188,"M":true,"q":"718.00000000","s":"BLZBTC","a":5043727,"T":1596298632274,"e":"aggTrade","p":"0.00000890","f":6671188},{"m":false,"E":1596298633277,"l":6671189,"M":true,"q":"3533.00000000","s":"BLZBTC","a":5043728,"T":1596298633276,"e":"aggTrade","p":"0.00000890","f":6671189},{"m":true,"E":1596298635205,"l":6671190,"M":true,"q":"27.00000000","s":"BLZBTC","a":5043729,"T":1596298635204,"e":"aggTrade","p":"0.00000889","f":6671190},{"m":true,"E":1596298635629,"l":6671191,"M":true,"q":"3249.00000000","s":"BLZBTC","a":5043730,"T":1596298635627,"e":"aggTrade","p":"0.00000888","f":6671191},{"m":false,"E":1596298635796,"l":6671195,"M":true,"q":"6153.00000000","s":"BLZBTC","a":5043731,"T":1596298635794,"e":"aggTrade","p":"0.00000890","f":6671192},{"m":false,"E":1596298635796,"l":6671197,"M":true,"q":"2176.00000000","s":"BLZBTC","a":5043732,"T":1596298635794,"e":"aggTrade","p":"0.00000891","f":6671196},{"m":false,"E":1596298635865,"l":6671198,"M":true,"q":"348.00000000","s":"BLZBTC","a":5043733,"T":1596298635864,"e":"aggTrade","p":"0.00000890","f":6671198},{"m":true,"E":1596298636990,"l":6671199,"M":true,"q":"19970.00000000","s":"BLZBTC","a":5043734,"T":1596298636989,"e":"aggTrade","p":"0.00000888","f":6671199},{"m":false,"E":1596298638139,"l":6671201,"M":true,"q":"3321.00000000","s":"BLZBTC","a":5043735,"T":1596298638138,"e":"aggTrade","p":"0.00000890","f":6671200},{"m":true,"E":1596298638226,"l":6671202,"M":true,"q":"90.00000000","s":"BLZBTC","a":5043736,"T":1596298638225,"e":"aggTrade","p":"0.00000889","f":6671202},{"m":true,"E":1596298639199,"l":6671203,"M":true,"q":"1489.00000000","s":"BLZBTC","a":5043737,"T":1596298639197,"e":"aggTrade","p":"0.00000889","f":6671203},{"m":false,"E":1596298642315,"l":6671204,"M":true,"q":"841.00000000","s":"BLZBTC","a":5043738,"T":1596298642314,"e":"aggTrade","p":"0.00000889","f":6671204},{"m":false,"E":1596298642315,"l":6671206,"M":true,"q":"49.00000000","s":"BLZBTC","a":5043739,"T":1596298642314,"e":"aggTrade","p":"0.00000890","f":6671205},{"m":false,"E":1596298642315,"l":6671210,"M":true,"q":"1193.00000000","s":"BLZBTC","a":5043740,"T":1596298642314,"e":"aggTrade","p":"0.00000891","f":6671207},{"m":true,"E":1596298643619,"l":6671211,"M":true,"q":"2163.00000000","s":"BLZBTC","a":5043741,"T":1596298643618,"e":"aggTrade","p":"0.00000888","f":6671211},{"m":true,"E":1596298645255,"l":6671212,"M":true,"q":"3368.00000000","s":"BLZBTC","a":5043742,"T":1596298645254,"e":"aggTrade","p":"0.00000889","f":6671212},{"m":true,"E":1596298646759,"l":6671213,"M":true,"q":"1000.00000000","s":"BLZBTC","a":5043743,"T":1596298646757,"e":"aggTrade","p":"0.00000889","f":6671213},{"m":false,"E":1596298647348,"l":6671214,"M":true,"q":"259.00000000","s":"BLZBTC","a":5043744,"T":1596298647347,"e":"aggTrade","p":"0.00000891","f":6671214},{"m":false,"E":1596298654162,"l":6671220,"M":true,"q":"22286.00000000","s":"BLZBTC","a":5043745,"T":1596298654160,"e":"aggTrade","p":"0.00000891","f":6671215},{"m":true,"E":1596298654223,"l":6671221,"M":true,"q":"50.00000000","s":"BLZBTC","a":5043746,"T":1596298654221,"e":"aggTrade","p":"0.00000891","f":6671221},{"m":false,"E":1596298656348,"l":6671222,"M":true,"q":"12.00000000","s":"BLZBTC","a":5043747,"T":1596298656347,"e":"aggTrade","p":"0.00000892","f":6671222},{"m":false,"E":1596298656383,"l":6671226,"M":true,"q":"3364.00000000","s":"BLZBTC","a":5043748,"T":1596298656382,"e":"aggTrade","p":"0.00000892","f":6671223},{"m":true,"E":1596298656597,"l":6671228,"M":true,"q":"394.00000000","s":"BLZBTC","a":5043749,"T":1596298656596,"e":"aggTrade","p":"0.00000891","f":6671227},{"m":false,"E":1596298656996,"l":6671229,"M":true,"q":"167.00000000","s":"BLZBTC","a":5043750,"T":1596298656995,"e":"aggTrade","p":"0.00000891","f":6671229},{"m":false,"E":1596298657671,"l":6671230,"M":true,"q":"439.00000000","s":"BLZBTC","a":5043751,"T":1596298657669,"e":"aggTrade","p":"0.00000891","f":6671230},{"m":false,"E":1596298657671,"l":6671231,"M":true,"q":"2862.00000000","s":"BLZBTC","a":5043752,"T":1596298657669,"e":"aggTrade","p":"0.00000892","f":6671231},{"m":false,"E":1596298658606,"l":6671234,"M":true,"q":"28173.00000000","s":"BLZBTC","a":5043753,"T":1596298658604,"e":"aggTrade","p":"0.00000892","f":6671232},{"m":false,"E":1596298658606,"l":6671240,"M":true,"q":"508.00000000","s":"BLZBTC","a":5043754,"T":1596298658604,"e":"aggTrade","p":"0.00000893","f":6671235},{"m":true,"E":1596298658709,"l":6671241,"M":true,"q":"34.00000000","s":"BLZBTC","a":5043755,"T":1596298658707,"e":"aggTrade","p":"0.00000893","f":6671241},{"m":false,"E":1596298661638,"l":6671242,"M":true,"q":"23.00000000","s":"BLZBTC","a":5043756,"T":1596298661637,"e":"aggTrade","p":"0.00000894","f":6671242},{"m":false,"E":1596298661780,"l":6671244,"M":true,"q":"28.00000000","s":"BLZBTC","a":5043757,"T":1596298661779,"e":"aggTrade","p":"0.00000894","f":6671243},{"m":false,"E":1596298662907,"l":6671247,"M":true,"q":"2963.00000000","s":"BLZBTC","a":5043758,"T":1596298662906,"e":"aggTrade","p":"0.00000894","f":6671245},{"m":false,"E":1596298662940,"l":6671248,"M":true,"q":"432.00000000","s":"BLZBTC","a":5043759,"T":1596298662938,"e":"aggTrade","p":"0.00000894","f":6671248},{"m":false,"E":1596298666668,"l":6671251,"M":true,"q":"1477.00000000","s":"BLZBTC","a":5043760,"T":1596298666667,"e":"aggTrade","p":"0.00000895","f":6671249},{"m":true,"E":1596298668584,"l":6671253,"M":true,"q":"9243.00000000","s":"BLZBTC","a":5043761,"T":1596298668583,"e":"aggTrade","p":"0.00000894","f":6671252},{"m":false,"E":1596298669835,"l":6671254,"M":true,"q":"1942.00000000","s":"BLZBTC","a":5043762,"T":1596298669832,"e":"aggTrade","p":"0.00000894","f":6671254},{"m":false,"E":1596298669835,"l":6671262,"M":true,"q":"3266.00000000","s":"BLZBTC","a":5043763,"T":1596298669832,"e":"aggTrade","p":"0.00000895","f":6671255},{"m":true,"E":1596298670081,"l":6671263,"M":true,"q":"113.00000000","s":"BLZBTC","a":5043764,"T":1596298670080,"e":"aggTrade","p":"0.00000893","f":6671263},{"m":false,"E":1596298670915,"l":6671264,"M":true,"q":"112.00000000","s":"BLZBTC","a":5043765,"T":1596298670914,"e":"aggTrade","p":"0.00000895","f":6671264},{"m":false,"E":1596298671247,"l":6671265,"M":true,"q":"25.00000000","s":"BLZBTC","a":5043766,"T":1596298671245,"e":"aggTrade","p":"0.00000894","f":6671265},{"m":false,"E":1596298671247,"l":6671269,"M":true,"q":"8654.00000000","s":"BLZBTC","a":5043767,"T":1596298671245,"e":"aggTrade","p":"0.00000895","f":6671266},{"m":false,"E":1596298671357,"l":6671270,"M":true,"q":"3.00000000","s":"BLZBTC","a":5043768,"T":1596298671356,"e":"aggTrade","p":"0.00000896","f":6671270},{"m":true,"E":1596298671362,"l":6671271,"M":true,"q":"25.00000000","s":"BLZBTC","a":5043769,"T":1596298671361,"e":"aggTrade","p":"0.00000895","f":6671271},{"m":true,"E":1596298671520,"l":6671272,"M":true,"q":"123.00000000","s":"BLZBTC","a":5043770,"T":1596298671518,"e":"aggTrade","p":"0.00000895","f":6671272},{"m":true,"E":1596298671574,"l":6671273,"M":true,"q":"27.00000000","s":"BLZBTC","a":5043771,"T":1596298671573,"e":"aggTrade","p":"0.00000895","f":6671273},{"m":true,"E":1596298671831,"l":6671274,"M":true,"q":"172.00000000","s":"BLZBTC","a":5043772,"T":1596298671830,"e":"aggTrade","p":"0.00000895","f":6671274},{"m":false,"E":1596298672125,"l":6671283,"M":true,"q":"5016.00000000","s":"BLZBTC","a":5043773,"T":1596298672121,"e":"aggTrade","p":"0.00000896","f":6671275},{"m":false,"E":1596298672125,"l":6671291,"M":true,"q":"11231.00000000","s":"BLZBTC","a":5043774,"T":1596298672121,"e":"aggTrade","p":"0.00000897","f":6671284},{"m":false,"E":1596298672125,"l":6671301,"M":true,"q":"9085.00000000","s":"BLZBTC","a":5043775,"T":1596298672121,"e":"aggTrade","p":"0.00000898","f":6671292},{"m":false,"E":1596298672125,"l":6671303,"M":true,"q":"6874.00000000","s":"BLZBTC","a":5043776,"T":1596298672121,"e":"aggTrade","p":"0.00000899","f":6671302},{"m":true,"E":1596298672218,"l":6671304,"M":true,"q":"128.00000000","s":"BLZBTC","a":5043777,"T":1596298672217,"e":"aggTrade","p":"0.00000896","f":6671304},{"m":true,"E":1596298672320,"l":6671305,"M":true,"q":"26.00000000","s":"BLZBTC","a":5043778,"T":1596298672319,"e":"aggTrade","p":"0.00000896","f":6671305},{"m":true,"E":1596298672419,"l":6671306,"M":true,"q":"47.00000000","s":"BLZBTC","a":5043779,"T":1596298672418,"e":"aggTrade","p":"0.00000896","f":6671306},{"m":true,"E":1596298672866,"l":6671307,"M":true,"q":"160.00000000","s":"BLZBTC","a":5043780,"T":1596298672865,"e":"aggTrade","p":"0.00000896","f":6671307},{"m":false,"E":1596298674315,"l":6671308,"M":true,"q":"669.00000000","s":"BLZBTC","a":5043781,"T":1596298674314,"e":"aggTrade","p":"0.00000897","f":6671308},{"m":false,"E":1596298674382,"l":6671309,"M":true,"q":"669.00000000","s":"BLZBTC","a":5043782,"T":1596298674381,"e":"aggTrade","p":"0.00000897","f":6671309},{"m":false,"E":1596298675142,"l":6671310,"M":true,"q":"23.00000000","s":"BLZBTC","a":5043783,"T":1596298675141,"e":"aggTrade","p":"0.00000897","f":6671310},{"m":false,"E":1596298676248,"l":6671312,"M":true,"q":"7699.00000000","s":"BLZBTC","a":5043784,"T":1596298676247,"e":"aggTrade","p":"0.00000897","f":6671311},{"m":true,"E":1596298677455,"l":6671313,"M":true,"q":"1829.00000000","s":"BLZBTC","a":5043785,"T":1596298677454,"e":"aggTrade","p":"0.00000896","f":6671313},{"m":false,"E":1596298678068,"l":6671314,"M":true,"q":"954.00000000","s":"BLZBTC","a":5043786,"T":1596298678067,"e":"aggTrade","p":"0.00000897","f":6671314},{"m":false,"E":1596298678492,"l":6671316,"M":true,"q":"4052.00000000","s":"BLZBTC","a":5043787,"T":1596298678491,"e":"aggTrade","p":"0.00000897","f":6671315},{"m":true,"E":1596298678813,"l":6671318,"M":true,"q":"1829.00000000","s":"BLZBTC","a":5043788,"T":1596298678812,"e":"aggTrade","p":"0.00000896","f":6671317},{"m":false,"E":1596298678928,"l":6671319,"M":true,"q":"112.00000000","s":"BLZBTC","a":5043789,"T":1596298678928,"e":"aggTrade","p":"0.00000897","f":6671319},{"m":true,"E":1596298680400,"l":6671320,"M":true,"q":"1929.00000000","s":"BLZBTC","a":5043790,"T":1596298680398,"e":"aggTrade","p":"0.00000897","f":6671320},{"m":true,"E":1596298680419,"l":6671321,"M":true,"q":"540.00000000","s":"BLZBTC","a":5043791,"T":1596298680418,"e":"aggTrade","p":"0.00000897","f":6671321},{"m":true,"E":1596298680457,"l":6671322,"M":true,"q":"35.00000000","s":"BLZBTC","a":5043792,"T":1596298680456,"e":"aggTrade","p":"0.00000897","f":6671322},{"m":true,"E":1596298681163,"l":6671323,"M":true,"q":"858.00000000","s":"BLZBTC","a":5043793,"T":1596298681162,"e":"aggTrade","p":"0.00000897","f":6671323},{"m":true,"E":1596298684221,"l":6671324,"M":true,"q":"13.00000000","s":"BLZBTC","a":5043794,"T":1596298684219,"e":"aggTrade","p":"0.00000897","f":6671324},{"m":true,"E":1596298684221,"l":6671325,"M":true,"q":"5873.00000000","s":"BLZBTC","a":5043795,"T":1596298684219,"e":"aggTrade","p":"0.00000896","f":6671325},{"m":true,"E":1596298684555,"l":6671329,"M":true,"q":"211.00000000","s":"BLZBTC","a":5043796,"T":1596298684554,"e":"aggTrade","p":"0.00000894","f":6671326},{"m":false,"E":1596298685153,"l":6671330,"M":true,"q":"167.00000000","s":"BLZBTC","a":5043797,"T":1596298685152,"e":"aggTrade","p":"0.00000895","f":6671330},{"m":false,"E":1596298689319,"l":6671331,"M":true,"q":"1032.00000000","s":"BLZBTC","a":5043798,"T":1596298689317,"e":"aggTrade","p":"0.00000896","f":6671331},{"m":true,"E":1596298689346,"l":6671333,"M":true,"q":"418.00000000","s":"BLZBTC","a":5043799,"T":1596298689343,"e":"aggTrade","p":"0.00000893","f":6671332},{"m":true,"E":1596298689346,"l":6671334,"M":true,"q":"177.00000000","s":"BLZBTC","a":5043800,"T":1596298689343,"e":"aggTrade","p":"0.00000892","f":6671334},{"m":true,"E":1596298689346,"l":6671339,"M":true,"q":"196.00000000","s":"BLZBTC","a":5043801,"T":1596298689343,"e":"aggTrade","p":"0.00000891","f":6671335},{"m":true,"E":1596298689346,"l":6671344,"M":true,"q":"241.00000000","s":"BLZBTC","a":5043802,"T":1596298689343,"e":"aggTrade","p":"0.00000890","f":6671340},{"m":false,"E":1596298690928,"l":6671346,"M":true,"q":"118.00000000","s":"BLZBTC","a":5043803,"T":1596298690927,"e":"aggTrade","p":"0.00000895","f":6671345},{"m":false,"E":1596298691180,"l":6671347,"M":true,"q":"14.00000000","s":"BLZBTC","a":5043804,"T":1596298691179,"e":"aggTrade","p":"0.00000894","f":6671347},{"m":false,"E":1596298691180,"l":6671348,"M":true,"q":"45.00000000","s":"BLZBTC","a":5043805,"T":1596298691179,"e":"aggTrade","p":"0.00000895","f":6671348},{"m":true,"E":1596298691351,"l":6671349,"M":true,"q":"22.00000000","s":"BLZBTC","a":5043806,"T":1596298691350,"e":"aggTrade","p":"0.00000895","f":6671349},{"m":true,"E":1596298691542,"l":6671350,"M":true,"q":"21.00000000","s":"BLZBTC","a":5043807,"T":1596298691541,"e":"aggTrade","p":"0.00000895","f":6671350},{"m":true,"E":1596298691562,"l":6671351,"M":true,"q":"217.00000000","s":"BLZBTC","a":5043808,"T":1596298691561,"e":"aggTrade","p":"0.00000895","f":6671351},{"m":true,"E":1596298691750,"l":6671352,"M":true,"q":"25.00000000","s":"BLZBTC","a":5043809,"T":1596298691749,"e":"aggTrade","p":"0.00000892","f":6671352},{"m":true,"E":1596298691750,"l":6671353,"M":true,"q":"656.00000000","s":"BLZBTC","a":5043810,"T":1596298691749,"e":"aggTrade","p":"0.00000891","f":6671353},{"m":false,"E":1596298693113,"l":6671354,"M":true,"q":"17.00000000","s":"BLZBTC","a":5043811,"T":1596298693112,"e":"aggTrade","p":"0.00000893","f":6671354},{"m":false,"E":1596298693113,"l":6671355,"M":true,"q":"7160.00000000","s":"BLZBTC","a":5043812,"T":1596298693112,"e":"aggTrade","p":"0.00000894","f":6671355},{"m":true,"E":1596298694380,"l":6671356,"M":true,"q":"656.00000000","s":"BLZBTC","a":5043813,"T":1596298694379,"e":"aggTrade","p":"0.00000893","f":6671356},{"m":true,"E":1596298694961,"l":6671357,"M":true,"q":"50.00000000","s":"BLZBTC","a":5043814,"T":1596298694960,"e":"aggTrade","p":"0.00000893","f":6671357},{"m":true,"E":1596298694961,"l":6671358,"M":true,"q":"1429.00000000","s":"BLZBTC","a":5043815,"T":1596298694960,"e":"aggTrade","p":"0.00000892","f":6671358},{"m":false,"E":1596298695123,"l":6671359,"M":true,"q":"5720.00000000","s":"BLZBTC","a":5043816,"T":1596298695121,"e":"aggTrade","p":"0.00000894","f":6671359},{"m":false,"E":1596298696455,"l":6671360,"M":true,"q":"325.00000000","s":"BLZBTC","a":5043817,"T":1596298696454,"e":"aggTrade","p":"0.00000894","f":6671360},{"m":true,"E":1596298696613,"l":6671361,"M":true,"q":"1674.00000000","s":"BLZBTC","a":5043818,"T":1596298696611,"e":"aggTrade","p":"0.00000892","f":6671361},{"m":true,"E":1596298696613,"l":6671364,"M":true,"q":"1748.00000000","s":"BLZBTC","a":5043819,"T":1596298696611,"e":"aggTrade","p":"0.00000891","f":6671362},{"m":true,"E":1596298696613,"l":6671365,"M":true,"q":"581.00000000","s":"BLZBTC","a":5043820,"T":1596298696611,"e":"aggTrade","p":"0.00000890","f":6671365},{"m":false,"E":1596298696631,"l":6671366,"M":true,"q":"556.00000000","s":"BLZBTC","a":5043821,"T":1596298696630,"e":"aggTrade","p":"0.00000894","f":6671366},{"m":false,"E":1596298696698,"l":6671368,"M":true,"q":"7692.00000000","s":"BLZBTC","a":5043822,"T":1596298696695,"e":"aggTrade","p":"0.00000894","f":6671367},{"m":false,"E":1596298696698,"l":6671371,"M":true,"q":"291.00000000","s":"BLZBTC","a":5043823,"T":1596298696695,"e":"aggTrade","p":"0.00000896","f":6671369},{"m":false,"E":1596298696698,"l":6671375,"M":true,"q":"737.00000000","s":"BLZBTC","a":5043824,"T":1596298696695,"e":"aggTrade","p":"0.00000897","f":6671372},{"m":false,"E":1596298696698,"l":6671379,"M":true,"q":"2849.00000000","s":"BLZBTC","a":5043825,"T":1596298696695,"e":"aggTrade","p":"0.00000898","f":6671376},{"m":false,"E":1596298697462,"l":6671380,"M":true,"q":"581.00000000","s":"BLZBTC","a":5043826,"T":1596298697460,"e":"aggTrade","p":"0.00000895","f":6671380},{"m":false,"E":1596298697462,"l":6671381,"M":true,"q":"880.00000000","s":"BLZBTC","a":5043827,"T":1596298697460,"e":"aggTrade","p":"0.00000896","f":6671381},{"m":false,"E":1596298698589,"l":6671382,"M":true,"q":"729.00000000","s":"BLZBTC","a":5043828,"T":1596298698588,"e":"aggTrade","p":"0.00000896","f":6671382},{"m":true,"E":1596298698922,"l":6671383,"M":true,"q":"21.00000000","s":"BLZBTC","a":5043829,"T":1596298698921,"e":"aggTrade","p":"0.00000895","f":6671383},{"m":true,"E":1596298699771,"l":6671384,"M":true,"q":"310.00000000","s":"BLZBTC","a":5043830,"T":1596298699770,"e":"aggTrade","p":"0.00000895","f":6671384},{"m":true,"E":1596298699771,"l":6671387,"M":true,"q":"288.00000000","s":"BLZBTC","a":5043831,"T":1596298699770,"e":"aggTrade","p":"0.00000894","f":6671385},{"m":true,"E":1596298699771,"l":6671388,"M":true,"q":"17.00000000","s":"BLZBTC","a":5043832,"T":1596298699770,"e":"aggTrade","p":"0.00000893","f":6671388},{"m":true,"E":1596298699771,"l":6671389,"M":true,"q":"177.00000000","s":"BLZBTC","a":5043833,"T":1596298699770,"e":"aggTrade","p":"0.00000892","f":6671389},{"m":false,"E":1596298699778,"l":6671390,"M":true,"q":"357.00000000","s":"BLZBTC","a":5043834,"T":1596298699777,"e":"aggTrade","p":"0.00000892","f":6671390},{"m":true,"E":1596298700858,"l":6671391,"M":true,"q":"73.00000000","s":"BLZBTC","a":5043835,"T":1596298700856,"e":"aggTrade","p":"0.00000895","f":6671391},{"m":false,"E":1596298701113,"l":6671392,"M":true,"q":"367.00000000","s":"BLZBTC","a":5043836,"T":1596298701112,"e":"aggTrade","p":"0.00000896","f":6671392},{"m":true,"E":1596298701223,"l":6671393,"M":true,"q":"180.00000000","s":"BLZBTC","a":5043837,"T":1596298701222,"e":"aggTrade","p":"0.00000892","f":6671393},{"m":false,"E":1596298702080,"l":6671394,"M":true,"q":"3.00000000","s":"BLZBTC","a":5043838,"T":1596298702079,"e":"aggTrade","p":"0.00000896","f":6671394},{"m":false,"E":1596298702514,"l":6671396,"M":true,"q":"61.00000000","s":"BLZBTC","a":5043839,"T":1596298702512,"e":"aggTrade","p":"0.00000895","f":6671395},{"m":false,"E":1596298702579,"l":6671397,"M":true,"q":"53.00000000","s":"BLZBTC","a":5043840,"T":1596298702578,"e":"aggTrade","p":"0.00000895","f":6671397},{"m":true,"E":1596298706506,"l":6671398,"M":true,"q":"4455.00000000","s":"BLZBTC","a":5043841,"T":1596298706504,"e":"aggTrade","p":"0.00000894","f":6671398},{"m":false,"E":1596298706541,"l":6671400,"M":true,"q":"194.00000000","s":"BLZBTC","a":5043842,"T":1596298706539,"e":"aggTrade","p":"0.00000896","f":6671399},{"m":true,"E":1596298706599,"l":6671401,"M":true,"q":"30.00000000","s":"BLZBTC","a":5043843,"T":1596298706598,"e":"aggTrade","p":"0.00000896","f":6671401},{"m":false,"E":1596298706603,"l":6671402,"M":true,"q":"70.00000000","s":"BLZBTC","a":5043844,"T":1596298706601,"e":"aggTrade","p":"0.00000895","f":6671402},{"m":false,"E":1596298706603,"l":6671403,"M":true,"q":"293.00000000","s":"BLZBTC","a":5043845,"T":1596298706601,"e":"aggTrade","p":"0.00000897","f":6671403},{"m":true,"E":1596298706723,"l":6671404,"M":true,"q":"53.00000000","s":"BLZBTC","a":5043846,"T":1596298706722,"e":"aggTrade","p":"0.00000894","f":6671404},{"m":false,"E":1596298707399,"l":6671405,"M":true,"q":"335.00000000","s":"BLZBTC","a":5043847,"T":1596298707397,"e":"aggTrade","p":"0.00000896","f":6671405},{"m":false,"E":1596298707748,"l":6671406,"M":true,"q":"52.00000000","s":"BLZBTC","a":5043848,"T":1596298707747,"e":"aggTrade","p":"0.00000896","f":6671406},{"m":false,"E":1596298708648,"l":6671407,"M":true,"q":"182.00000000","s":"BLZBTC","a":5043849,"T":1596298708646,"e":"aggTrade","p":"0.00000896","f":6671407},{"m":true,"E":1596298709094,"l":6671408,"M":true,"q":"66.00000000","s":"BLZBTC","a":5043850,"T":1596298709093,"e":"aggTrade","p":"0.00000895","f":6671408},{"m":true,"E":1596298709094,"l":6671409,"M":true,"q":"1016.00000000","s":"BLZBTC","a":5043851,"T":1596298709093,"e":"aggTrade","p":"0.00000894","f":6671409},{"m":false,"E":1596298709286,"l":6671410,"M":true,"q":"16.00000000","s":"BLZBTC","a":5043852,"T":1596298709284,"e":"aggTrade","p":"0.00000896","f":6671410},{"m":false,"E":1596298712813,"l":6671411,"M":true,"q":"43.00000000","s":"BLZBTC","a":5043853,"T":1596298712812,"e":"aggTrade","p":"0.00000895","f":6671411},{"m":false,"E":1596298714438,"l":6671412,"M":true,"q":"3.00000000","s":"BLZBTC","a":5043854,"T":1596298714437,"e":"aggTrade","p":"0.00000895","f":6671412},{"m":true,"E":1596298714556,"l":6671415,"M":true,"q":"18311.00000000","s":"BLZBTC","a":5043855,"T":1596298714555,"e":"aggTrade","p":"0.00000894","f":6671413},{"m":true,"E":1596298714571,"l":6671416,"M":true,"q":"17.00000000","s":"BLZBTC","a":5043856,"T":1596298714569,"e":"aggTrade","p":"0.00000893","f":6671416},{"m":true,"E":1596298715874,"l":6671417,"M":true,"q":"447.00000000","s":"BLZBTC","a":5043857,"T":1596298715873,"e":"aggTrade","p":"0.00000892","f":6671417},{"m":true,"E":1596298717227,"l":6671418,"M":true,"q":"29.00000000","s":"BLZBTC","a":5043858,"T":1596298717226,"e":"aggTrade","p":"0.00000893","f":6671418},{"m":true,"E":1596298718297,"l":6671420,"M":true,"q":"343.00000000","s":"BLZBTC","a":5043859,"T":1596298718296,"e":"aggTrade","p":"0.00000892","f":6671419},{"m":false,"E":1596298718691,"l":6671421,"M":true,"q":"1440.00000000","s":"BLZBTC","a":5043860,"T":1596298718690,"e":"aggTrade","p":"0.00000894","f":6671421},{"m":true,"E":1596298719274,"l":6671423,"M":true,"q":"100.00000000","s":"BLZBTC","a":5043861,"T":1596298719273,"e":"aggTrade","p":"0.00000891","f":6671422},{"m":true,"E":1596298719985,"l":6671427,"M":true,"q":"73.00000000","s":"BLZBTC","a":5043862,"T":1596298719983,"e":"aggTrade","p":"0.00000891","f":6671424},{"m":true,"E":1596298720077,"l":6671428,"M":true,"q":"75.00000000","s":"BLZBTC","a":5043863,"T":1596298720076,"e":"aggTrade","p":"0.00000891","f":6671428},{"m":true,"E":1596298720789,"l":6671429,"M":true,"q":"357.00000000","s":"BLZBTC","a":5043864,"T":1596298720787,"e":"aggTrade","p":"0.00000891","f":6671429},{"m":true,"E":1596298722673,"l":6671431,"M":true,"q":"3834.00000000","s":"BLZBTC","a":5043865,"T":1596298722670,"e":"aggTrade","p":"0.00000891","f":6671430},{"m":true,"E":1596298722673,"l":6671435,"M":true,"q":"754.00000000","s":"BLZBTC","a":5043866,"T":1596298722670,"e":"aggTrade","p":"0.00000890","f":6671432},{"m":true,"E":1596298722673,"l":6671442,"M":true,"q":"12011.00000000","s":"BLZBTC","a":5043867,"T":1596298722670,"e":"aggTrade","p":"0.00000889","f":6671436},{"m":true,"E":1596298722673,"l":6671449,"M":true,"q":"11231.00000000","s":"BLZBTC","a":5043868,"T":1596298722670,"e":"aggTrade","p":"0.00000888","f":6671443},{"m":true,"E":1596298722673,"l":6671454,"M":true,"q":"4298.00000000","s":"BLZBTC","a":5043869,"T":1596298722670,"e":"aggTrade","p":"0.00000887","f":6671450},{"m":true,"E":1596298722673,"l":6671455,"M":true,"q":"1701.00000000","s":"BLZBTC","a":5043870,"T":1596298722670,"e":"aggTrade","p":"0.00000887","f":6671455},{"m":false,"E":1596298723339,"l":6671456,"M":true,"q":"87.00000000","s":"BLZBTC","a":5043871,"T":1596298723338,"e":"aggTrade","p":"0.00000891","f":6671456},{"m":false,"E":1596298723339,"l":6671457,"M":true,"q":"670.00000000","s":"BLZBTC","a":5043872,"T":1596298723338,"e":"aggTrade","p":"0.00000892","f":6671457},{"m":true,"E":1596298723887,"l":6671458,"M":true,"q":"87.00000000","s":"BLZBTC","a":5043873,"T":1596298723886,"e":"aggTrade","p":"0.00000891","f":6671458},{"m":true,"E":1596298723933,"l":6671459,"M":true,"q":"123.00000000","s":"BLZBTC","a":5043874,"T":1596298723932,"e":"aggTrade","p":"0.00000891","f":6671459},{"m":true,"E":1596298723942,"l":6671460,"M":true,"q":"492.00000000","s":"BLZBTC","a":5043875,"T":1596298723941,"e":"aggTrade","p":"0.00000891","f":6671460},{"m":true,"E":1596298723942,"l":6671461,"M":true,"q":"370.00000000","s":"BLZBTC","a":5043876,"T":1596298723941,"e":"aggTrade","p":"0.00000891","f":6671461},{"m":true,"E":1596298723959,"l":6671462,"M":true,"q":"10.00000000","s":"BLZBTC","a":5043877,"T":1596298723957,"e":"aggTrade","p":"0.00000891","f":6671462},{"m":false,"E":1596298725049,"l":6671463,"M":true,"q":"13.00000000","s":"BLZBTC","a":5043878,"T":1596298725048,"e":"aggTrade","p":"0.00000890","f":6671463},{"m":false,"E":1596298725049,"l":6671466,"M":true,"q":"201.00000000","s":"BLZBTC","a":5043879,"T":1596298725048,"e":"aggTrade","p":"0.00000891","f":6671464},{"m":true,"E":1596298725098,"l":6671467,"M":true,"q":"1854.00000000","s":"BLZBTC","a":5043880,"T":1596298725096,"e":"aggTrade","p":"0.00000891","f":6671467},{"m":true,"E":1596298725172,"l":6671468,"M":true,"q":"1207.00000000","s":"BLZBTC","a":5043881,"T":1596298725170,"e":"aggTrade","p":"0.00000891","f":6671468},{"m":false,"E":1596298726228,"l":6671469,"M":true,"q":"1116.00000000","s":"BLZBTC","a":5043882,"T":1596298726227,"e":"aggTrade","p":"0.00000889","f":6671469},{"m":false,"E":1596298726242,"l":6671470,"M":true,"q":"572.00000000","s":"BLZBTC","a":5043883,"T":1596298726241,"e":"aggTrade","p":"0.00000889","f":6671470},{"m":false,"E":1596298726261,"l":6671471,"M":true,"q":"816.00000000","s":"BLZBTC","a":5043884,"T":1596298726260,"e":"aggTrade","p":"0.00000889","f":6671471},{"m":false,"E":1596298726323,"l":6671472,"M":true,"q":"241.00000000","s":"BLZBTC","a":5043885,"T":1596298726322,"e":"aggTrade","p":"0.00000889","f":6671472},{"m":true,"E":1596298727584,"l":6671474,"M":true,"q":"348.00000000","s":"BLZBTC","a":5043886,"T":1596298727583,"e":"aggTrade","p":"0.00000888","f":6671473},{"m":true,"E":1596298728749,"l":6671475,"M":true,"q":"97.00000000","s":"BLZBTC","a":5043887,"T":1596298728748,"e":"aggTrade","p":"0.00000887","f":6671475},{"m":true,"E":1596298729607,"l":6671479,"M":true,"q":"313.00000000","s":"BLZBTC","a":5043888,"T":1596298729605,"e":"aggTrade","p":"0.00000886","f":6671476},{"m":true,"E":1596298729607,"l":6671483,"M":true,"q":"74.00000000","s":"BLZBTC","a":5043889,"T":1596298729605,"e":"aggTrade","p":"0.00000885","f":6671480},{"m":true,"E":1596298730649,"l":6671485,"M":true,"q":"340.00000000","s":"BLZBTC","a":5043890,"T":1596298730647,"e":"aggTrade","p":"0.00000884","f":6671484},{"m":true,"E":1596298730649,"l":6671491,"M":true,"q":"5176.00000000","s":"BLZBTC","a":5043891,"T":1596298730647,"e":"aggTrade","p":"0.00000883","f":6671486},{"m":true,"E":1596298730649,"l":6671498,"M":true,"q":"255.00000000","s":"BLZBTC","a":5043892,"T":1596298730647,"e":"aggTrade","p":"0.00000882","f":6671492},{"m":true,"E":1596298732090,"l":6671501,"M":true,"q":"753.00000000","s":"BLZBTC","a":5043893,"T":1596298732087,"e":"aggTrade","p":"0.00000881","f":6671499},{"m":true,"E":1596298732091,"l":6671505,"M":true,"q":"4700.00000000","s":"BLZBTC","a":5043894,"T":1596298732087,"e":"aggTrade","p":"0.00000880","f":6671502},{"m":true,"E":1596298732091,"l":6671511,"M":true,"q":"5611.00000000","s":"BLZBTC","a":5043895,"T":1596298732087,"e":"aggTrade","p":"0.00000879","f":6671506},{"m":true,"E":1596298732091,"l":6671515,"M":true,"q":"7367.00000000","s":"BLZBTC","a":5043896,"T":1596298732087,"e":"aggTrade","p":"0.00000878","f":6671512},{"m":true,"E":1596298732091,"l":6671522,"M":true,"q":"3665.00000000","s":"BLZBTC","a":5043897,"T":1596298732087,"e":"aggTrade","p":"0.00000877","f":6671516},{"m":true,"E":1596298732091,"l":6671524,"M":true,"q":"118.00000000","s":"BLZBTC","a":5043898,"T":1596298732087,"e":"aggTrade","p":"0.00000877","f":6671523},{"m":false,"E":1596298732099,"l":6671525,"M":true,"q":"1797.00000000","s":"BLZBTC","a":5043899,"T":1596298732097,"e":"aggTrade","p":"0.00000877","f":6671525},{"m":false,"E":1596298732123,"l":6671526,"M":true,"q":"1642.00000000","s":"BLZBTC","a":5043900,"T":1596298732122,"e":"aggTrade","p":"0.00000879","f":6671526},{"m":false,"E":1596298732136,"l":6671527,"M":true,"q":"2787.00000000","s":"BLZBTC","a":5043901,"T":1596298732135,"e":"aggTrade","p":"0.00000879","f":6671527},{"m":false,"E":1596298732137,"l":6671528,"M":true,"q":"1170.00000000","s":"BLZBTC","a":5043902,"T":1596298732136,"e":"aggTrade","p":"0.00000879","f":6671528},{"m":false,"E":1596298732350,"l":6671529,"M":true,"q":"22.00000000","s":"BLZBTC","a":5043903,"T":1596298732349,"e":"aggTrade","p":"0.00000883","f":6671529}],[{"m":false,"E":1596299291414,"l":6672032,"M":true,"q":"45.00000000","s":"BLZBTC","a":5044211,"T":1596299291413,"e":"aggTrade","p":"0.00000886","f":6672032},{"m":false,"E":1596299292292,"l":6672033,"M":true,"q":"73.00000000","s":"BLZBTC","a":5044212,"T":1596299292291,"e":"aggTrade","p":"0.00000886","f":6672033},{"m":true,"E":1596299298071,"l":6672037,"M":true,"q":"74.00000000","s":"BLZBTC","a":5044213,"T":1596299298069,"e":"aggTrade","p":"0.00000885","f":6672034},{"m":true,"E":1596299298073,"l":6672038,"M":true,"q":"28.00000000","s":"BLZBTC","a":5044214,"T":1596299298069,"e":"aggTrade","p":"0.00000884","f":6672038},{"m":true,"E":1596299298073,"l":6672043,"M":true,"q":"264.00000000","s":"BLZBTC","a":5044215,"T":1596299298069,"e":"aggTrade","p":"0.00000883","f":6672039},{"m":true,"E":1596299298073,"l":6672051,"M":true,"q":"299.00000000","s":"BLZBTC","a":5044216,"T":1596299298069,"e":"aggTrade","p":"0.00000882","f":6672044},{"m":true,"E":1596299298073,"l":6672055,"M":true,"q":"141.00000000","s":"BLZBTC","a":5044217,"T":1596299298069,"e":"aggTrade","p":"0.00000881","f":6672052},{"m":true,"E":1596299298073,"l":6672059,"M":true,"q":"266.00000000","s":"BLZBTC","a":5044218,"T":1596299298069,"e":"aggTrade","p":"0.00000880","f":6672056},{"m":true,"E":1596299298073,"l":6672060,"M":true,"q":"15089.00000000","s":"BLZBTC","a":5044219,"T":1596299298069,"e":"aggTrade","p":"0.00000880","f":6672060},{"m":false,"E":1596299298891,"l":6672061,"M":true,"q":"231.00000000","s":"BLZBTC","a":5044220,"T":1596299298889,"e":"aggTrade","p":"0.00000882","f":6672061},{"m":false,"E":1596299298957,"l":6672062,"M":true,"q":"345.00000000","s":"BLZBTC","a":5044221,"T":1596299298956,"e":"aggTrade","p":"0.00000882","f":6672062},{"m":true,"E":1596299299287,"l":6672063,"M":true,"q":"1219.00000000","s":"BLZBTC","a":5044222,"T":1596299299286,"e":"aggTrade","p":"0.00000880","f":6672063},{"m":true,"E":1596299300280,"l":6672064,"M":true,"q":"837.00000000","s":"BLZBTC","a":5044223,"T":1596299300279,"e":"aggTrade","p":"0.00000880","f":6672064},{"m":true,"E":1596299305452,"l":6672065,"M":true,"q":"667.00000000","s":"BLZBTC","a":5044224,"T":1596299305451,"e":"aggTrade","p":"0.00000880","f":6672065},{"m":true,"E":1596299307321,"l":6672066,"M":true,"q":"648.00000000","s":"BLZBTC","a":5044225,"T":1596299307319,"e":"aggTrade","p":"0.00000880","f":6672066},{"m":true,"E":1596299307831,"l":6672067,"M":true,"q":"2584.00000000","s":"BLZBTC","a":5044226,"T":1596299307829,"e":"aggTrade","p":"0.00000880","f":6672067},{"m":true,"E":1596299308665,"l":6672069,"M":true,"q":"10888.00000000","s":"BLZBTC","a":5044227,"T":1596299308663,"e":"aggTrade","p":"0.00000880","f":6672068},{"m":false,"E":1596299308725,"l":6672070,"M":true,"q":"10943.00000000","s":"BLZBTC","a":5044228,"T":1596299308724,"e":"aggTrade","p":"0.00000880","f":6672070},{"m":false,"E":1596299309687,"l":6672072,"M":true,"q":"3407.00000000","s":"BLZBTC","a":5044229,"T":1596299309686,"e":"aggTrade","p":"0.00000880","f":6672071},{"m":true,"E":1596299311420,"l":6672073,"M":true,"q":"1000.00000000","s":"BLZBTC","a":5044230,"T":1596299311419,"e":"aggTrade","p":"0.00000880","f":6672073},{"m":false,"E":1596299314863,"l":6672074,"M":true,"q":"741.00000000","s":"BLZBTC","a":5044231,"T":1596299314862,"e":"aggTrade","p":"0.00000880","f":6672074},{"m":false,"E":1596299315288,"l":6672075,"M":true,"q":"1125.00000000","s":"BLZBTC","a":5044232,"T":1596299315287,"e":"aggTrade","p":"0.00000882","f":6672075},{"m":false,"E":1596299316702,"l":6672078,"M":true,"q":"3000.00000000","s":"BLZBTC","a":5044233,"T":1596299316701,"e":"aggTrade","p":"0.00000881","f":6672076},{"m":false,"E":1596299320690,"l":6672079,"M":true,"q":"500.00000000","s":"BLZBTC","a":5044234,"T":1596299320689,"e":"aggTrade","p":"0.00000880","f":6672079},{"m":false,"E":1596299321110,"l":6672080,"M":true,"q":"95.00000000","s":"BLZBTC","a":5044235,"T":1596299321109,"e":"aggTrade","p":"0.00000880","f":6672080},{"m":true,"E":1596299323926,"l":6672085,"M":true,"q":"3712.00000000","s":"BLZBTC","a":5044236,"T":1596299323924,"e":"aggTrade","p":"0.00000879","f":6672081},{"m":true,"E":1596299323957,"l":6672086,"M":true,"q":"1406.00000000","s":"BLZBTC","a":5044237,"T":1596299323956,"e":"aggTrade","p":"0.00000879","f":6672086},{"m":true,"E":1596299324011,"l":6672087,"M":true,"q":"459.00000000","s":"BLZBTC","a":5044238,"T":1596299324010,"e":"aggTrade","p":"0.00000879","f":6672087},{"m":true,"E":1596299326206,"l":6672090,"M":true,"q":"272.00000000","s":"BLZBTC","a":5044239,"T":1596299326205,"e":"aggTrade","p":"0.00000878","f":6672088},{"m":false,"E":1596299328573,"l":6672091,"M":true,"q":"100.00000000","s":"BLZBTC","a":5044240,"T":1596299328572,"e":"aggTrade","p":"0.00000878","f":6672091},{"m":true,"E":1596299329145,"l":6672092,"M":true,"q":"28.00000000","s":"BLZBTC","a":5044241,"T":1596299329144,"e":"aggTrade","p":"0.00000877","f":6672092},{"m":true,"E":1596299331306,"l":6672097,"M":true,"q":"306.00000000","s":"BLZBTC","a":5044242,"T":1596299331304,"e":"aggTrade","p":"0.00000877","f":6672093},{"m":false,"E":1596299331483,"l":6672098,"M":true,"q":"150.00000000","s":"BLZBTC","a":5044243,"T":1596299331482,"e":"aggTrade","p":"0.00000877","f":6672098},{"m":false,"E":1596299331660,"l":6672099,"M":true,"q":"183.00000000","s":"BLZBTC","a":5044244,"T":1596299331658,"e":"aggTrade","p":"0.00000877","f":6672099},{"m":true,"E":1596299332568,"l":6672102,"M":true,"q":"111.00000000","s":"BLZBTC","a":5044245,"T":1596299332565,"e":"aggTrade","p":"0.00000876","f":6672100},{"m":true,"E":1596299332568,"l":6672108,"M":true,"q":"240.00000000","s":"BLZBTC","a":5044246,"T":1596299332565,"e":"aggTrade","p":"0.00000875","f":6672103},{"m":true,"E":1596299332568,"l":6672115,"M":true,"q":"619.00000000","s":"BLZBTC","a":5044247,"T":1596299332565,"e":"aggTrade","p":"0.00000874","f":6672109},{"m":true,"E":1596299332568,"l":6672119,"M":true,"q":"1554.00000000","s":"BLZBTC","a":5044248,"T":1596299332565,"e":"aggTrade","p":"0.00000873","f":6672116},{"m":true,"E":1596299332568,"l":6672123,"M":true,"q":"16417.00000000","s":"BLZBTC","a":5044249,"T":1596299332565,"e":"aggTrade","p":"0.00000872","f":6672120},{"m":true,"E":1596299332568,"l":6672130,"M":true,"q":"16249.00000000","s":"BLZBTC","a":5044250,"T":1596299332565,"e":"aggTrade","p":"0.00000871","f":6672124},{"m":false,"E":1596299332575,"l":6672131,"M":true,"q":"247.00000000","s":"BLZBTC","a":5044251,"T":1596299332574,"e":"aggTrade","p":"0.00000872","f":6672131},{"m":true,"E":1596299334865,"l":6672132,"M":true,"q":"135.00000000","s":"BLZBTC","a":5044252,"T":1596299334863,"e":"aggTrade","p":"0.00000871","f":6672132},{"m":true,"E":1596299339535,"l":6672133,"M":true,"q":"1449.00000000","s":"BLZBTC","a":5044253,"T":1596299339528,"e":"aggTrade","p":"0.00000871","f":6672133},{"m":true,"E":1596299339535,"l":6672138,"M":true,"q":"166.00000000","s":"BLZBTC","a":5044254,"T":1596299339528,"e":"aggTrade","p":"0.00000870","f":6672134},{"m":true,"E":1596299339535,"l":6672148,"M":true,"q":"1824.00000000","s":"BLZBTC","a":5044255,"T":1596299339528,"e":"aggTrade","p":"0.00000869","f":6672139},{"m":true,"E":1596299339535,"l":6672151,"M":true,"q":"96.00000000","s":"BLZBTC","a":5044256,"T":1596299339528,"e":"aggTrade","p":"0.00000868","f":6672149},{"m":true,"E":1596299339535,"l":6672155,"M":true,"q":"1601.00000000","s":"BLZBTC","a":5044257,"T":1596299339528,"e":"aggTrade","p":"0.00000867","f":6672152},{"m":true,"E":1596299339535,"l":6672162,"M":true,"q":"2020.00000000","s":"BLZBTC","a":5044258,"T":1596299339528,"e":"aggTrade","p":"0.00000866","f":6672156},{"m":true,"E":1596299339535,"l":6672175,"M":true,"q":"7758.00000000","s":"BLZBTC","a":5044259,"T":1596299339528,"e":"aggTrade","p":"0.00000865","f":6672163},{"m":true,"E":1596299339535,"l":6672185,"M":true,"q":"16793.00000000","s":"BLZBTC","a":5044260,"T":1596299339528,"e":"aggTrade","p":"0.00000864","f":6672176},{"m":false,"E":1596299339544,"l":6672186,"M":true,"q":"6058.00000000","s":"BLZBTC","a":5044261,"T":1596299339542,"e":"aggTrade","p":"0.00000865","f":6672186},{"m":false,"E":1596299339547,"l":6672187,"M":true,"q":"2830.00000000","s":"BLZBTC","a":5044262,"T":1596299339544,"e":"aggTrade","p":"0.00000865","f":6672187},{"m":true,"E":1596299340366,"l":6672188,"M":true,"q":"1057.00000000","s":"BLZBTC","a":5044263,"T":1596299340364,"e":"aggTrade","p":"0.00000865","f":6672188},{"m":true,"E":1596299340366,"l":6672190,"M":true,"q":"3123.00000000","s":"BLZBTC","a":5044264,"T":1596299340364,"e":"aggTrade","p":"0.00000864","f":6672189},{"m":true,"E":1596299340366,"l":6672194,"M":true,"q":"1820.00000000","s":"BLZBTC","a":5044265,"T":1596299340364,"e":"aggTrade","p":"0.00000863","f":6672191},{"m":true,"E":1596299341915,"l":6672195,"M":true,"q":"2093.00000000","s":"BLZBTC","a":5044266,"T":1596299341914,"e":"aggTrade","p":"0.00000868","f":6672195},{"m":true,"E":1596299342624,"l":6672196,"M":true,"q":"1152.00000000","s":"BLZBTC","a":5044267,"T":1596299342623,"e":"aggTrade","p":"0.00000868","f":6672196},{"m":true,"E":1596299342967,"l":6672197,"M":true,"q":"195.00000000","s":"BLZBTC","a":5044268,"T":1596299342966,"e":"aggTrade","p":"0.00000863","f":6672197},{"m":false,"E":1596299343975,"l":6672198,"M":true,"q":"329.00000000","s":"BLZBTC","a":5044269,"T":1596299343974,"e":"aggTrade","p":"0.00000866","f":6672198},{"m":false,"E":1596299351194,"l":6672199,"M":true,"q":"642.00000000","s":"BLZBTC","a":5044270,"T":1596299351193,"e":"aggTrade","p":"0.00000864","f":6672199},{"m":false,"E":1596299351194,"l":6672200,"M":true,"q":"1084.00000000","s":"BLZBTC","a":5044271,"T":1596299351193,"e":"aggTrade","p":"0.00000865","f":6672200},{"m":false,"E":1596299352399,"l":6672201,"M":true,"q":"254.00000000","s":"BLZBTC","a":5044272,"T":1596299352398,"e":"aggTrade","p":"0.00000865","f":6672201},{"m":false,"E":1596299356275,"l":6672202,"M":true,"q":"5136.00000000","s":"BLZBTC","a":5044273,"T":1596299356274,"e":"aggTrade","p":"0.00000864","f":6672202},{"m":false,"E":1596299356504,"l":6672203,"M":true,"q":"102.00000000","s":"BLZBTC","a":5044274,"T":1596299356503,"e":"aggTrade","p":"0.00000865","f":6672203},{"m":false,"E":1596299356673,"l":6672204,"M":true,"q":"15462.00000000","s":"BLZBTC","a":5044275,"T":1596299356672,"e":"aggTrade","p":"0.00000865","f":6672204},{"m":false,"E":1596299356755,"l":6672207,"M":true,"q":"13293.00000000","s":"BLZBTC","a":5044276,"T":1596299356754,"e":"aggTrade","p":"0.00000865","f":6672205},{"m":false,"E":1596299357151,"l":6672209,"M":true,"q":"2513.00000000","s":"BLZBTC","a":5044277,"T":1596299357149,"e":"aggTrade","p":"0.00000866","f":6672208},{"m":true,"E":1596299360057,"l":6672210,"M":true,"q":"700.00000000","s":"BLZBTC","a":5044278,"T":1596299360056,"e":"aggTrade","p":"0.00000864","f":6672210},{"m":true,"E":1596299361494,"l":6672211,"M":true,"q":"402.00000000","s":"BLZBTC","a":5044279,"T":1596299361493,"e":"aggTrade","p":"0.00000864","f":6672211},{"m":false,"E":1596299363621,"l":6672212,"M":true,"q":"164.00000000","s":"BLZBTC","a":5044280,"T":1596299363619,"e":"aggTrade","p":"0.00000864","f":6672212},{"m":false,"E":1596299363621,"l":6672216,"M":true,"q":"2450.00000000","s":"BLZBTC","a":5044281,"T":1596299363619,"e":"aggTrade","p":"0.00000867","f":6672213},{"m":true,"E":1596299364341,"l":6672217,"M":true,"q":"2651.00000000","s":"BLZBTC","a":5044282,"T":1596299364340,"e":"aggTrade","p":"0.00000864","f":6672217},{"m":false,"E":1596299364597,"l":6672218,"M":true,"q":"7012.00000000","s":"BLZBTC","a":5044283,"T":1596299364596,"e":"aggTrade","p":"0.00000867","f":6672218},{"m":false,"E":1596299366050,"l":6672219,"M":true,"q":"4.00000000","s":"BLZBTC","a":5044284,"T":1596299366048,"e":"aggTrade","p":"0.00000868","f":6672219},{"m":false,"E":1596299366737,"l":6672220,"M":true,"q":"14.00000000","s":"BLZBTC","a":5044285,"T":1596299366736,"e":"aggTrade","p":"0.00000868","f":6672220},{"m":true,"E":1596299368470,"l":6672221,"M":true,"q":"931.00000000","s":"BLZBTC","a":5044286,"T":1596299368469,"e":"aggTrade","p":"0.00000868","f":6672221},{"m":true,"E":1596299368559,"l":6672222,"M":true,"q":"1050.00000000","s":"BLZBTC","a":5044287,"T":1596299368558,"e":"aggTrade","p":"0.00000868","f":6672222},{"m":true,"E":1596299368566,"l":6672223,"M":true,"q":"4978.00000000","s":"BLZBTC","a":5044288,"T":1596299368565,"e":"aggTrade","p":"0.00000868","f":6672223},{"m":true,"E":1596299368566,"l":6672224,"M":true,"q":"696.00000000","s":"BLZBTC","a":5044289,"T":1596299368565,"e":"aggTrade","p":"0.00000867","f":6672224},{"m":true,"E":1596299368664,"l":6672225,"M":true,"q":"1075.00000000","s":"BLZBTC","a":5044290,"T":1596299368663,"e":"aggTrade","p":"0.00000867","f":6672225},{"m":false,"E":1596299372130,"l":6672226,"M":true,"q":"1484.00000000","s":"BLZBTC","a":5044291,"T":1596299372129,"e":"aggTrade","p":"0.00000868","f":6672226},{"m":false,"E":1596299374455,"l":6672230,"M":true,"q":"89.00000000","s":"BLZBTC","a":5044292,"T":1596299374454,"e":"aggTrade","p":"0.00000869","f":6672227},{"m":false,"E":1596299374455,"l":6672231,"M":true,"q":"17.00000000","s":"BLZBTC","a":5044293,"T":1596299374454,"e":"aggTrade","p":"0.00000870","f":6672231},{"m":false,"E":1596299374537,"l":6672232,"M":true,"q":"61.00000000","s":"BLZBTC","a":5044294,"T":1596299374536,"e":"aggTrade","p":"0.00000870","f":6672232},{"m":false,"E":1596299374652,"l":6672234,"M":true,"q":"1484.00000000","s":"BLZBTC","a":5044295,"T":1596299374650,"e":"aggTrade","p":"0.00000870","f":6672233},{"m":false,"E":1596299376391,"l":6672237,"M":true,"q":"69.00000000","s":"BLZBTC","a":5044296,"T":1596299376389,"e":"aggTrade","p":"0.00000870","f":6672235},{"m":true,"E":1596299382463,"l":6672238,"M":true,"q":"73.00000000","s":"BLZBTC","a":5044297,"T":1596299382462,"e":"aggTrade","p":"0.00000870","f":6672238},{"m":false,"E":1596299383083,"l":6672240,"M":true,"q":"120.00000000","s":"BLZBTC","a":5044298,"T":1596299383080,"e":"aggTrade","p":"0.00000871","f":6672239},{"m":false,"E":1596299383083,"l":6672245,"M":true,"q":"922.00000000","s":"BLZBTC","a":5044299,"T":1596299383080,"e":"aggTrade","p":"0.00000872","f":6672241},{"m":false,"E":1596299383083,"l":6672253,"M":true,"q":"4109.00000000","s":"BLZBTC","a":5044300,"T":1596299383080,"e":"aggTrade","p":"0.00000873","f":6672246},{"m":true,"E":1596299383296,"l":6672254,"M":true,"q":"1314.00000000","s":"BLZBTC","a":5044301,"T":1596299383295,"e":"aggTrade","p":"0.00000873","f":6672254},{"m":true,"E":1596299386642,"l":6672255,"M":true,"q":"393.00000000","s":"BLZBTC","a":5044302,"T":1596299386641,"e":"aggTrade","p":"0.00000871","f":6672255},{"m":true,"E":1596299388844,"l":6672256,"M":true,"q":"443.00000000","s":"BLZBTC","a":5044303,"T":1596299388843,"e":"aggTrade","p":"0.00000873","f":6672256},{"m":true,"E":1596299403012,"l":6672258,"M":true,"q":"1024.00000000","s":"BLZBTC","a":5044304,"T":1596299403011,"e":"aggTrade","p":"0.00000873","f":6672257},{"m":true,"E":1596299403026,"l":6672260,"M":true,"q":"2730.00000000","s":"BLZBTC","a":5044305,"T":1596299403025,"e":"aggTrade","p":"0.00000871","f":6672259},{"m":true,"E":1596299407973,"l":6672261,"M":true,"q":"326.00000000","s":"BLZBTC","a":5044306,"T":1596299407972,"e":"aggTrade","p":"0.00000871","f":6672261},{"m":true,"E":1596299408035,"l":6672262,"M":true,"q":"3003.00000000","s":"BLZBTC","a":5044307,"T":1596299408034,"e":"aggTrade","p":"0.00000871","f":6672262}],[{"m":false,"E":1596301451994,"l":6674661,"M":true,"q":"9312.00000000","s":"BLZBTC","a":5045547,"T":1596301451993,"e":"aggTrade","p":"0.00000943","f":6674657},{"m":true,"E":1596301453848,"l":6674662,"M":true,"q":"4070.00000000","s":"BLZBTC","a":5045548,"T":1596301453846,"e":"aggTrade","p":"0.00000942","f":6674662},{"m":true,"E":1596301454431,"l":6674663,"M":true,"q":"9928.00000000","s":"BLZBTC","a":5045549,"T":1596301454430,"e":"aggTrade","p":"0.00000942","f":6674663},{"m":true,"E":1596301454437,"l":6674664,"M":true,"q":"480.00000000","s":"BLZBTC","a":5045550,"T":1596301454433,"e":"aggTrade","p":"0.00000942","f":6674664},{"m":true,"E":1596301454450,"l":6674665,"M":true,"q":"9928.00000000","s":"BLZBTC","a":5045551,"T":1596301454442,"e":"aggTrade","p":"0.00000942","f":6674665},{"m":false,"E":1596301454494,"l":6674672,"M":true,"q":"8292.00000000","s":"BLZBTC","a":5045552,"T":1596301454492,"e":"aggTrade","p":"0.00000943","f":6674666},{"m":false,"E":1596301454494,"l":6674674,"M":true,"q":"1596.00000000","s":"BLZBTC","a":5045553,"T":1596301454492,"e":"aggTrade","p":"0.00000944","f":6674673},{"m":true,"E":1596301454494,"l":6674675,"M":true,"q":"318.00000000","s":"BLZBTC","a":5045554,"T":1596301454492,"e":"aggTrade","p":"0.00000942","f":6674675},{"m":false,"E":1596301454560,"l":6674676,"M":true,"q":"1131.00000000","s":"BLZBTC","a":5045555,"T":1596301454558,"e":"aggTrade","p":"0.00000943","f":6674676},{"m":true,"E":1596301454563,"l":6674677,"M":true,"q":"32.00000000","s":"BLZBTC","a":5045556,"T":1596301454562,"e":"aggTrade","p":"0.00000942","f":6674677},{"m":true,"E":1596301454563,"l":6674678,"M":true,"q":"1063.00000000","s":"BLZBTC","a":5045557,"T":1596301454562,"e":"aggTrade","p":"0.00000941","f":6674678},{"m":false,"E":1596301455553,"l":6674679,"M":true,"q":"11.00000000","s":"BLZBTC","a":5045558,"T":1596301455552,"e":"aggTrade","p":"0.00000943","f":6674679},{"m":true,"E":1596301456817,"l":6674680,"M":true,"q":"500.00000000","s":"BLZBTC","a":5045559,"T":1596301456816,"e":"aggTrade","p":"0.00000942","f":6674680},{"m":true,"E":1596301457091,"l":6674681,"M":true,"q":"7303.00000000","s":"BLZBTC","a":5045560,"T":1596301457090,"e":"aggTrade","p":"0.00000942","f":6674681},{"m":false,"E":1596301458115,"l":6674682,"M":true,"q":"107.00000000","s":"BLZBTC","a":5045561,"T":1596301458113,"e":"aggTrade","p":"0.00000942","f":6674682},{"m":true,"E":1596301458745,"l":6674683,"M":true,"q":"200.00000000","s":"BLZBTC","a":5045562,"T":1596301458743,"e":"aggTrade","p":"0.00000941","f":6674683},{"m":true,"E":1596301458884,"l":6674685,"M":true,"q":"5011.00000000","s":"BLZBTC","a":5045563,"T":1596301458883,"e":"aggTrade","p":"0.00000941","f":6674684},{"m":false,"E":1596301458886,"l":6674686,"M":true,"q":"22.00000000","s":"BLZBTC","a":5045564,"T":1596301458885,"e":"aggTrade","p":"0.00000942","f":6674686},{"m":false,"E":1596301458972,"l":6674687,"M":true,"q":"22.00000000","s":"BLZBTC","a":5045565,"T":1596301458971,"e":"aggTrade","p":"0.00000942","f":6674687},{"m":false,"E":1596301458989,"l":6674688,"M":true,"q":"1248.00000000","s":"BLZBTC","a":5045566,"T":1596301458988,"e":"aggTrade","p":"0.00000942","f":6674688},{"m":false,"E":1596301459023,"l":6674689,"M":true,"q":"191.00000000","s":"BLZBTC","a":5045567,"T":1596301459022,"e":"aggTrade","p":"0.00000942","f":6674689},{"m":false,"E":1596301459053,"l":6674690,"M":true,"q":"531.00000000","s":"BLZBTC","a":5045568,"T":1596301459052,"e":"aggTrade","p":"0.00000942","f":6674690},{"m":false,"E":1596301459204,"l":6674691,"M":true,"q":"35.00000000","s":"BLZBTC","a":5045569,"T":1596301459203,"e":"aggTrade","p":"0.00000942","f":6674691},{"m":false,"E":1596301459234,"l":6674692,"M":true,"q":"73.00000000","s":"BLZBTC","a":5045570,"T":1596301459232,"e":"aggTrade","p":"0.00000942","f":6674692},{"m":false,"E":1596301459408,"l":6674696,"M":true,"q":"6800.00000000","s":"BLZBTC","a":5045571,"T":1596301459406,"e":"aggTrade","p":"0.00000942","f":6674693},{"m":true,"E":1596301460155,"l":6674697,"M":true,"q":"711.00000000","s":"BLZBTC","a":5045572,"T":1596301460153,"e":"aggTrade","p":"0.00000941","f":6674697},{"m":false,"E":1596301460473,"l":6674698,"M":true,"q":"156.00000000","s":"BLZBTC","a":5045573,"T":1596301460472,"e":"aggTrade","p":"0.00000941","f":6674698},{"m":true,"E":1596301460512,"l":6674699,"M":true,"q":"524.00000000","s":"BLZBTC","a":5045574,"T":1596301460511,"e":"aggTrade","p":"0.00000942","f":6674699},{"m":true,"E":1596301460726,"l":6674701,"M":true,"q":"1404.00000000","s":"BLZBTC","a":5045575,"T":1596301460724,"e":"aggTrade","p":"0.00000940","f":6674700},{"m":true,"E":1596301460726,"l":6674703,"M":true,"q":"1520.00000000","s":"BLZBTC","a":5045576,"T":1596301460724,"e":"aggTrade","p":"0.00000939","f":6674702},{"m":false,"E":1596301460737,"l":6674704,"M":true,"q":"1143.00000000","s":"BLZBTC","a":5045577,"T":1596301460736,"e":"aggTrade","p":"0.00000939","f":6674704},{"m":false,"E":1596301461631,"l":6674713,"M":true,"q":"18264.00000000","s":"BLZBTC","a":5045578,"T":1596301461630,"e":"aggTrade","p":"0.00000939","f":6674705},{"m":false,"E":1596301461845,"l":6674714,"M":true,"q":"711.00000000","s":"BLZBTC","a":5045579,"T":1596301461843,"e":"aggTrade","p":"0.00000939","f":6674714},{"m":false,"E":1596301461845,"l":6674715,"M":true,"q":"490.00000000","s":"BLZBTC","a":5045580,"T":1596301461843,"e":"aggTrade","p":"0.00000941","f":6674715},{"m":false,"E":1596301461845,"l":6674716,"M":true,"q":"490.00000000","s":"BLZBTC","a":5045581,"T":1596301461843,"e":"aggTrade","p":"0.00000942","f":6674716},{"m":false,"E":1596301461845,"l":6674719,"M":true,"q":"3757.00000000","s":"BLZBTC","a":5045582,"T":1596301461843,"e":"aggTrade","p":"0.00000943","f":6674717},{"m":false,"E":1596301461845,"l":6674724,"M":true,"q":"5194.00000000","s":"BLZBTC","a":5045583,"T":1596301461843,"e":"aggTrade","p":"0.00000944","f":6674720},{"m":true,"E":1596301462260,"l":6674725,"M":true,"q":"156.00000000","s":"BLZBTC","a":5045584,"T":1596301462259,"e":"aggTrade","p":"0.00000939","f":6674725},{"m":false,"E":1596301463448,"l":6674726,"M":true,"q":"11.00000000","s":"BLZBTC","a":5045585,"T":1596301463448,"e":"aggTrade","p":"0.00000943","f":6674726},{"m":true,"E":1596301464777,"l":6674727,"M":true,"q":"2491.00000000","s":"BLZBTC","a":5045586,"T":1596301464776,"e":"aggTrade","p":"0.00000940","f":6674727},{"m":true,"E":1596301464777,"l":6674728,"M":true,"q":"1432.00000000","s":"BLZBTC","a":5045587,"T":1596301464776,"e":"aggTrade","p":"0.00000939","f":6674728},{"m":true,"E":1596301465149,"l":6674730,"M":true,"q":"1432.00000000","s":"BLZBTC","a":5045588,"T":1596301465147,"e":"aggTrade","p":"0.00000938","f":6674729},{"m":true,"E":1596301465956,"l":6674731,"M":true,"q":"3918.00000000","s":"BLZBTC","a":5045589,"T":1596301465955,"e":"aggTrade","p":"0.00000938","f":6674731},{"m":false,"E":1596301466411,"l":6674732,"M":true,"q":"2910.00000000","s":"BLZBTC","a":5045590,"T":1596301466410,"e":"aggTrade","p":"0.00000939","f":6674732},{"m":false,"E":1596301466412,"l":6674733,"M":true,"q":"639.00000000","s":"BLZBTC","a":5045591,"T":1596301466411,"e":"aggTrade","p":"0.00000939","f":6674733},{"m":false,"E":1596301466748,"l":6674734,"M":true,"q":"2116.00000000","s":"BLZBTC","a":5045592,"T":1596301466747,"e":"aggTrade","p":"0.00000941","f":6674734},{"m":false,"E":1596301472682,"l":6674736,"M":true,"q":"2271.00000000","s":"BLZBTC","a":5045593,"T":1596301472681,"e":"aggTrade","p":"0.00000942","f":6674735},{"m":true,"E":1596301474434,"l":6674737,"M":true,"q":"320.00000000","s":"BLZBTC","a":5045594,"T":1596301474433,"e":"aggTrade","p":"0.00000940","f":6674737},{"m":true,"E":1596301475132,"l":6674738,"M":true,"q":"91.00000000","s":"BLZBTC","a":5045595,"T":1596301475130,"e":"aggTrade","p":"0.00000941","f":6674738},{"m":true,"E":1596301475132,"l":6674739,"M":true,"q":"1004.00000000","s":"BLZBTC","a":5045596,"T":1596301475130,"e":"aggTrade","p":"0.00000940","f":6674739},{"m":true,"E":1596301479530,"l":6674740,"M":true,"q":"49.00000000","s":"BLZBTC","a":5045597,"T":1596301479529,"e":"aggTrade","p":"0.00000940","f":6674740},{"m":true,"E":1596301481581,"l":6674742,"M":true,"q":"8592.00000000","s":"BLZBTC","a":5045598,"T":1596301481580,"e":"aggTrade","p":"0.00000940","f":6674741},{"m":false,"E":1596301482980,"l":6674743,"M":true,"q":"45.00000000","s":"BLZBTC","a":5045599,"T":1596301482979,"e":"aggTrade","p":"0.00000940","f":6674743},{"m":false,"E":1596301483672,"l":6674744,"M":true,"q":"5325.00000000","s":"BLZBTC","a":5045600,"T":1596301483671,"e":"aggTrade","p":"0.00000942","f":6674744},{"m":false,"E":1596301483707,"l":6674745,"M":true,"q":"176.00000000","s":"BLZBTC","a":5045601,"T":1596301483706,"e":"aggTrade","p":"0.00000942","f":6674745},{"m":false,"E":1596301484148,"l":6674746,"M":true,"q":"514.00000000","s":"BLZBTC","a":5045602,"T":1596301484147,"e":"aggTrade","p":"0.00000942","f":6674746},{"m":false,"E":1596301484425,"l":6674747,"M":true,"q":"251.00000000","s":"BLZBTC","a":5045603,"T":1596301484424,"e":"aggTrade","p":"0.00000942","f":6674747},{"m":false,"E":1596301484630,"l":6674748,"M":true,"q":"2127.00000000","s":"BLZBTC","a":5045604,"T":1596301484628,"e":"aggTrade","p":"0.00000942","f":6674748},{"m":false,"E":1596301486676,"l":6674749,"M":true,"q":"1149.00000000","s":"BLZBTC","a":5045605,"T":1596301486675,"e":"aggTrade","p":"0.00000942","f":6674749},{"m":false,"E":1596301486702,"l":6674752,"M":true,"q":"1130.00000000","s":"BLZBTC","a":5045606,"T":1596301486701,"e":"aggTrade","p":"0.00000943","f":6674750},{"m":false,"E":1596301486718,"l":6674754,"M":true,"q":"8939.00000000","s":"BLZBTC","a":5045607,"T":1596301486716,"e":"aggTrade","p":"0.00000943","f":6674753},{"m":false,"E":1596301486719,"l":6674755,"M":true,"q":"2421.00000000","s":"BLZBTC","a":5045608,"T":1596301486717,"e":"aggTrade","p":"0.00000943","f":6674755},{"m":false,"E":1596301486719,"l":6674757,"M":true,"q":"5701.00000000","s":"BLZBTC","a":5045609,"T":1596301486717,"e":"aggTrade","p":"0.00000944","f":6674756},{"m":false,"E":1596301486899,"l":6674761,"M":true,"q":"2730.00000000","s":"BLZBTC","a":5045610,"T":1596301486897,"e":"aggTrade","p":"0.00000945","f":6674758},{"m":true,"E":1596301487987,"l":6674762,"M":true,"q":"1000.00000000","s":"BLZBTC","a":5045611,"T":1596301487986,"e":"aggTrade","p":"0.00000944","f":6674762},{"m":false,"E":1596301489351,"l":6674763,"M":true,"q":"214.00000000","s":"BLZBTC","a":5045612,"T":1596301489349,"e":"aggTrade","p":"0.00000945","f":6674763},{"m":false,"E":1596301490031,"l":6674764,"M":true,"q":"344.00000000","s":"BLZBTC","a":5045613,"T":1596301490030,"e":"aggTrade","p":"0.00000945","f":6674764},{"m":true,"E":1596301490564,"l":6674765,"M":true,"q":"1317.00000000","s":"BLZBTC","a":5045614,"T":1596301490563,"e":"aggTrade","p":"0.00000944","f":6674765},{"m":false,"E":1596301491071,"l":6674766,"M":true,"q":"1456.00000000","s":"BLZBTC","a":5045615,"T":1596301491070,"e":"aggTrade","p":"0.00000944","f":6674766},{"m":false,"E":1596301491071,"l":6674767,"M":true,"q":"159.00000000","s":"BLZBTC","a":5045616,"T":1596301491070,"e":"aggTrade","p":"0.00000945","f":6674767},{"m":false,"E":1596301494130,"l":6674768,"M":true,"q":"5074.00000000","s":"BLZBTC","a":5045617,"T":1596301494129,"e":"aggTrade","p":"0.00000945","f":6674768},{"m":false,"E":1596301494147,"l":6674771,"M":true,"q":"5667.00000000","s":"BLZBTC","a":5045618,"T":1596301494146,"e":"aggTrade","p":"0.00000945","f":6674769},{"m":true,"E":1596301494475,"l":6674773,"M":true,"q":"1608.00000000","s":"BLZBTC","a":5045619,"T":1596301494474,"e":"aggTrade","p":"0.00000942","f":6674772},{"m":false,"E":1596301494484,"l":6674778,"M":true,"q":"607.00000000","s":"BLZBTC","a":5045620,"T":1596301494483,"e":"aggTrade","p":"0.00000945","f":6674774},{"m":false,"E":1596301496117,"l":6674784,"M":true,"q":"2106.00000000","s":"BLZBTC","a":5045621,"T":1596301496115,"e":"aggTrade","p":"0.00000946","f":6674779},{"m":false,"E":1596301496117,"l":6674788,"M":true,"q":"1741.00000000","s":"BLZBTC","a":5045622,"T":1596301496115,"e":"aggTrade","p":"0.00000947","f":6674785},{"m":false,"E":1596301496189,"l":6674789,"M":true,"q":"318.00000000","s":"BLZBTC","a":5045623,"T":1596301496188,"e":"aggTrade","p":"0.00000947","f":6674789},{"m":false,"E":1596301496276,"l":6674792,"M":true,"q":"2882.00000000","s":"BLZBTC","a":5045624,"T":1596301496274,"e":"aggTrade","p":"0.00000947","f":6674790},{"m":false,"E":1596301496276,"l":6674798,"M":true,"q":"32237.00000000","s":"BLZBTC","a":5045625,"T":1596301496274,"e":"aggTrade","p":"0.00000948","f":6674793},{"m":false,"E":1596301496276,"l":6674802,"M":true,"q":"872.00000000","s":"BLZBTC","a":5045626,"T":1596301496274,"e":"aggTrade","p":"0.00000949","f":6674799},{"m":false,"E":1596301497102,"l":6674803,"M":true,"q":"75.00000000","s":"BLZBTC","a":5045627,"T":1596301497100,"e":"aggTrade","p":"0.00000948","f":6674803},{"m":false,"E":1596301497102,"l":6674807,"M":true,"q":"7627.00000000","s":"BLZBTC","a":5045628,"T":1596301497100,"e":"aggTrade","p":"0.00000949","f":6674804},{"m":false,"E":1596301497102,"l":6674813,"M":true,"q":"8798.00000000","s":"BLZBTC","a":5045629,"T":1596301497100,"e":"aggTrade","p":"0.00000950","f":6674808},{"m":false,"E":1596301498486,"l":6674847,"M":true,"q":"52505.00000000","s":"BLZBTC","a":5045630,"T":1596301498482,"e":"aggTrade","p":"0.00000950","f":6674814},{"m":true,"E":1596301498630,"l":6674848,"M":true,"q":"14315.00000000","s":"BLZBTC","a":5045631,"T":1596301498629,"e":"aggTrade","p":"0.00000950","f":6674848},{"m":true,"E":1596301498654,"l":6674849,"M":true,"q":"98.00000000","s":"BLZBTC","a":5045632,"T":1596301498653,"e":"aggTrade","p":"0.00000950","f":6674849},{"m":true,"E":1596301498819,"l":6674850,"M":true,"q":"3494.00000000","s":"BLZBTC","a":5045633,"T":1596301498818,"e":"aggTrade","p":"0.00000950","f":6674850},{"m":false,"E":1596301498865,"l":6674852,"M":true,"q":"361.00000000","s":"BLZBTC","a":5045634,"T":1596301498864,"e":"aggTrade","p":"0.00000951","f":6674851},{"m":true,"E":1596301498998,"l":6674853,"M":true,"q":"2693.00000000","s":"BLZBTC","a":5045635,"T":1596301498997,"e":"aggTrade","p":"0.00000950","f":6674853},{"m":true,"E":1596301499016,"l":6674854,"M":true,"q":"9987.00000000","s":"BLZBTC","a":5045636,"T":1596301499014,"e":"aggTrade","p":"0.00000950","f":6674854},{"m":true,"E":1596301499122,"l":6674855,"M":true,"q":"996.00000000","s":"BLZBTC","a":5045637,"T":1596301499120,"e":"aggTrade","p":"0.00000950","f":6674855},{"m":true,"E":1596301499379,"l":6674856,"M":true,"q":"42.00000000","s":"BLZBTC","a":5045638,"T":1596301499378,"e":"aggTrade","p":"0.00000950","f":6674856},{"m":true,"E":1596301500244,"l":6674857,"M":true,"q":"484.00000000","s":"BLZBTC","a":5045639,"T":1596301500243,"e":"aggTrade","p":"0.00000950","f":6674857},{"m":false,"E":1596301500584,"l":6674858,"M":true,"q":"356.00000000","s":"BLZBTC","a":5045640,"T":1596301500583,"e":"aggTrade","p":"0.00000951","f":6674858},{"m":false,"E":1596301500664,"l":6674861,"M":true,"q":"3507.00000000","s":"BLZBTC","a":5045641,"T":1596301500661,"e":"aggTrade","p":"0.00000951","f":6674859},{"m":false,"E":1596301500664,"l":6674864,"M":true,"q":"394.00000000","s":"BLZBTC","a":5045642,"T":1596301500661,"e":"aggTrade","p":"0.00000952","f":6674862},{"m":false,"E":1596301500664,"l":6674869,"M":true,"q":"363.00000000","s":"BLZBTC","a":5045643,"T":1596301500661,"e":"aggTrade","p":"0.00000953","f":6674865},{"m":true,"E":1596301500672,"l":6674870,"M":true,"q":"231.00000000","s":"BLZBTC","a":5045644,"T":1596301500671,"e":"aggTrade","p":"0.00000953","f":6674870},{"m":true,"E":1596301500716,"l":6674871,"M":true,"q":"605.00000000","s":"BLZBTC","a":5045645,"T":1596301500715,"e":"aggTrade","p":"0.00000953","f":6674871},{"m":true,"E":1596301500844,"l":6674873,"M":true,"q":"492.00000000","s":"BLZBTC","a":5045646,"T":1596301500843,"e":"aggTrade","p":"0.00000953","f":6674872},{"m":true,"E":1596301500853,"l":6674874,"M":true,"q":"21.00000000","s":"BLZBTC","a":5045647,"T":1596301500852,"e":"aggTrade","p":"0.00000953","f":6674874},{"m":false,"E":1596301500915,"l":6674877,"M":true,"q":"1082.00000000","s":"BLZBTC","a":5045648,"T":1596301500914,"e":"aggTrade","p":"0.00000954","f":6674875},{"m":false,"E":1596301500915,"l":6674880,"M":true,"q":"2795.00000000","s":"BLZBTC","a":5045649,"T":1596301500914,"e":"aggTrade","p":"0.00000955","f":6674878},{"m":false,"E":1596301504706,"l":6674882,"M":true,"q":"918.00000000","s":"BLZBTC","a":5045650,"T":1596301504704,"e":"aggTrade","p":"0.00000954","f":6674881},{"m":false,"E":1596301505349,"l":6674891,"M":true,"q":"5051.00000000","s":"BLZBTC","a":5045651,"T":1596301505347,"e":"aggTrade","p":"0.00000954","f":6674883},{"m":false,"E":1596301505349,"l":6674892,"M":true,"q":"6649.00000000","s":"BLZBTC","a":5045652,"T":1596301505347,"e":"aggTrade","p":"0.00000955","f":6674892},{"m":false,"E":1596301505399,"l":6674893,"M":true,"q":"918.00000000","s":"BLZBTC","a":5045653,"T":1596301505398,"e":"aggTrade","p":"0.00000955","f":6674893},{"m":false,"E":1596301505903,"l":6674894,"M":true,"q":"275.00000000","s":"BLZBTC","a":5045654,"T":1596301505902,"e":"aggTrade","p":"0.00000955","f":6674894},{"m":false,"E":1596301506270,"l":6674898,"M":true,"q":"5457.00000000","s":"BLZBTC","a":5045655,"T":1596301506268,"e":"aggTrade","p":"0.00000955","f":6674895},{"m":false,"E":1596301506270,"l":6674901,"M":true,"q":"287.00000000","s":"BLZBTC","a":5045656,"T":1596301506268,"e":"aggTrade","p":"0.00000956","f":6674899},{"m":false,"E":1596301506270,"l":6674906,"M":true,"q":"2240.00000000","s":"BLZBTC","a":5045657,"T":1596301506268,"e":"aggTrade","p":"0.00000957","f":6674902},{"m":true,"E":1596301507669,"l":6674907,"M":true,"q":"15.00000000","s":"BLZBTC","a":5045658,"T":1596301507668,"e":"aggTrade","p":"0.00000955","f":6674907},{"m":false,"E":1596301510507,"l":6674908,"M":true,"q":"3469.00000000","s":"BLZBTC","a":5045659,"T":1596301510506,"e":"aggTrade","p":"0.00000957","f":6674908},{"m":false,"E":1596301510640,"l":6674916,"M":true,"q":"3663.00000000","s":"BLZBTC","a":5045660,"T":1596301510637,"e":"aggTrade","p":"0.00000958","f":6674909},{"m":false,"E":1596301510640,"l":6674918,"M":true,"q":"12282.00000000","s":"BLZBTC","a":5045661,"T":1596301510637,"e":"aggTrade","p":"0.00000959","f":6674917},{"m":true,"E":1596301511173,"l":6674919,"M":true,"q":"791.00000000","s":"BLZBTC","a":5045662,"T":1596301511172,"e":"aggTrade","p":"0.00000957","f":6674919},{"m":false,"E":1596301512113,"l":6674920,"M":true,"q":"31.00000000","s":"BLZBTC","a":5045663,"T":1596301512112,"e":"aggTrade","p":"0.00000959","f":6674920},{"m":true,"E":1596301512340,"l":6674922,"M":true,"q":"489.00000000","s":"BLZBTC","a":5045664,"T":1596301512338,"e":"aggTrade","p":"0.00000957","f":6674921},{"m":true,"E":1596301512412,"l":6674923,"M":true,"q":"2595.00000000","s":"BLZBTC","a":5045665,"T":1596301512410,"e":"aggTrade","p":"0.00000957","f":6674923},{"m":false,"E":1596301512529,"l":6674924,"M":true,"q":"2265.00000000","s":"BLZBTC","a":5045666,"T":1596301512527,"e":"aggTrade","p":"0.00000959","f":6674924},{"m":true,"E":1596301512693,"l":6674925,"M":true,"q":"1036.00000000","s":"BLZBTC","a":5045667,"T":1596301512692,"e":"aggTrade","p":"0.00000957","f":6674925},{"m":true,"E":1596301513449,"l":6674926,"M":true,"q":"381.00000000","s":"BLZBTC","a":5045668,"T":1596301513448,"e":"aggTrade","p":"0.00000957","f":6674926},{"m":true,"E":1596301514544,"l":6674927,"M":true,"q":"2430.00000000","s":"BLZBTC","a":5045669,"T":1596301514543,"e":"aggTrade","p":"0.00000957","f":6674927},{"m":false,"E":1596301514975,"l":6674928,"M":true,"q":"1685.00000000","s":"BLZBTC","a":5045670,"T":1596301514974,"e":"aggTrade","p":"0.00000959","f":6674928},{"m":false,"E":1596301517006,"l":6674929,"M":true,"q":"1820.00000000","s":"BLZBTC","a":5045671,"T":1596301517005,"e":"aggTrade","p":"0.00000959","f":6674929},{"m":false,"E":1596301518081,"l":6674930,"M":true,"q":"562.00000000","s":"BLZBTC","a":5045672,"T":1596301518080,"e":"aggTrade","p":"0.00000959","f":6674930},{"m":false,"E":1596301518458,"l":6674947,"M":true,"q":"10560.00000000","s":"BLZBTC","a":5045673,"T":1596301518454,"e":"aggTrade","p":"0.00000959","f":6674931},{"m":false,"E":1596301518458,"l":6674952,"M":true,"q":"2730.00000000","s":"BLZBTC","a":5045674,"T":1596301518454,"e":"aggTrade","p":"0.00000960","f":6674948},{"m":true,"E":1596301518741,"l":6674953,"M":true,"q":"2729.00000000","s":"BLZBTC","a":5045675,"T":1596301518740,"e":"aggTrade","p":"0.00000957","f":6674953},{"m":true,"E":1596301518972,"l":6674954,"M":true,"q":"733.00000000","s":"BLZBTC","a":5045676,"T":1596301518971,"e":"aggTrade","p":"0.00000957","f":6674954},{"m":false,"E":1596301519604,"l":6674955,"M":true,"q":"1863.00000000","s":"BLZBTC","a":5045677,"T":1596301519601,"e":"aggTrade","p":"0.00000957","f":6674955},{"m":false,"E":1596301519604,"l":6674956,"M":true,"q":"4519.00000000","s":"BLZBTC","a":5045678,"T":1596301519601,"e":"aggTrade","p":"0.00000958","f":6674956},{"m":false,"E":1596301519604,"l":6674958,"M":true,"q":"785.00000000","s":"BLZBTC","a":5045679,"T":1596301519601,"e":"aggTrade","p":"0.00000959","f":6674957},{"m":false,"E":1596301519604,"l":6674966,"M":true,"q":"7443.00000000","s":"BLZBTC","a":5045680,"T":1596301519601,"e":"aggTrade","p":"0.00000960","f":6674959},{"m":true,"E":1596301519610,"l":6674967,"M":true,"q":"17656.00000000","s":"BLZBTC","a":5045681,"T":1596301519609,"e":"aggTrade","p":"0.00000960","f":6674967},{"m":true,"E":1596301519890,"l":6674968,"M":true,"q":"22.00000000","s":"BLZBTC","a":5045682,"T":1596301519889,"e":"aggTrade","p":"0.00000955","f":6674968},{"m":false,"E":1596301519904,"l":6674969,"M":true,"q":"2142.00000000","s":"BLZBTC","a":5045683,"T":1596301519902,"e":"aggTrade","p":"0.00000959","f":6674969},{"m":false,"E":1596301520658,"l":6674970,"M":true,"q":"22.00000000","s":"BLZBTC","a":5045684,"T":1596301520657,"e":"aggTrade","p":"0.00000958","f":6674970},{"m":false,"E":1596301520658,"l":6674972,"M":true,"q":"6676.00000000","s":"BLZBTC","a":5045685,"T":1596301520657,"e":"aggTrade","p":"0.00000959","f":6674971},{"m":true,"E":1596301521433,"l":6674973,"M":true,"q":"22.00000000","s":"BLZBTC","a":5045686,"T":1596301521432,"e":"aggTrade","p":"0.00000955","f":6674973},{"m":false,"E":1596301521609,"l":6674974,"M":true,"q":"3974.00000000","s":"BLZBTC","a":5045687,"T":1596301521608,"e":"aggTrade","p":"0.00000959","f":6674974},{"m":true,"E":1596301522134,"l":6674975,"M":true,"q":"21.00000000","s":"BLZBTC","a":5045688,"T":1596301522133,"e":"aggTrade","p":"0.00000958","f":6674975},{"m":true,"E":1596301522903,"l":6674976,"M":true,"q":"2686.00000000","s":"BLZBTC","a":5045689,"T":1596301522890,"e":"aggTrade","p":"0.00000955","f":6674976},{"m":true,"E":1596301522903,"l":6674978,"M":true,"q":"3123.00000000","s":"BLZBTC","a":5045690,"T":1596301522890,"e":"aggTrade","p":"0.00000954","f":6674977},{"m":true,"E":1596301522903,"l":6674981,"M":true,"q":"400.00000000","s":"BLZBTC","a":5045691,"T":1596301522890,"e":"aggTrade","p":"0.00000953","f":6674979},{"m":true,"E":1596301522903,"l":6674984,"M":true,"q":"8415.00000000","s":"BLZBTC","a":5045692,"T":1596301522890,"e":"aggTrade","p":"0.00000952","f":6674982},{"m":true,"E":1596301522903,"l":6674987,"M":true,"q":"3523.00000000","s":"BLZBTC","a":5045693,"T":1596301522890,"e":"aggTrade","p":"0.00000951","f":6674985},{"m":true,"E":1596301522903,"l":6674990,"M":true,"q":"15054.00000000","s":"BLZBTC","a":5045694,"T":1596301522890,"e":"aggTrade","p":"0.00000950","f":6674988},{"m":true,"E":1596301522903,"l":6674992,"M":true,"q":"378.00000000","s":"BLZBTC","a":5045695,"T":1596301522890,"e":"aggTrade","p":"0.00000948","f":6674991},{"m":true,"E":1596301522903,"l":6674996,"M":true,"q":"33965.00000000","s":"BLZBTC","a":5045696,"T":1596301522890,"e":"aggTrade","p":"0.00000947","f":6674993},{"m":true,"E":1596301522903,"l":6674998,"M":true,"q":"1583.00000000","s":"BLZBTC","a":5045697,"T":1596301522890,"e":"aggTrade","p":"0.00000946","f":6674997},{"m":true,"E":1596301522903,"l":6675001,"M":true,"q":"7501.00000000","s":"BLZBTC","a":5045698,"T":1596301522890,"e":"aggTrade","p":"0.00000945","f":6674999},{"m":true,"E":1596301522903,"l":6675005,"M":true,"q":"1267.00000000","s":"BLZBTC","a":5045699,"T":1596301522890,"e":"aggTrade","p":"0.00000944","f":6675002},{"m":true,"E":1596301522903,"l":6675007,"M":true,"q":"895.00000000","s":"BLZBTC","a":5045700,"T":1596301522890,"e":"aggTrade","p":"0.00000943","f":6675006},{"m":true,"E":1596301522903,"l":6675009,"M":true,"q":"1070.00000000","s":"BLZBTC","a":5045701,"T":1596301522890,"e":"aggTrade","p":"0.00000942","f":6675008},{"m":true,"E":1596301522903,"l":6675010,"M":true,"q":"49.00000000","s":"BLZBTC","a":5045702,"T":1596301522890,"e":"aggTrade","p":"0.00000941","f":6675010},{"m":true,"E":1596301522903,"l":6675012,"M":true,"q":"5125.00000000","s":"BLZBTC","a":5045703,"T":1596301522890,"e":"aggTrade","p":"0.00000940","f":6675011},{"m":true,"E":1596301522903,"l":6675013,"M":true,"q":"20.00000000","s":"BLZBTC","a":5045704,"T":1596301522890,"e":"aggTrade","p":"0.00000939","f":6675013},{"m":true,"E":1596301522904,"l":6675016,"M":true,"q":"92.00000000","s":"BLZBTC","a":5045705,"T":1596301522890,"e":"aggTrade","p":"0.00000938","f":6675014},{"m":true,"E":1596301522904,"l":6675029,"M":true,"q":"514.00000000","s":"BLZBTC","a":5045706,"T":1596301522890,"e":"aggTrade","p":"0.00000937","f":6675017},{"m":true,"E":1596301522904,"l":6675031,"M":true,"q":"379.00000000","s":"BLZBTC","a":5045707,"T":1596301522890,"e":"aggTrade","p":"0.00000936","f":6675030},{"m":true,"E":1596301522904,"l":6675033,"M":true,"q":"36.00000000","s":"BLZBTC","a":5045708,"T":1596301522890,"e":"aggTrade","p":"0.00000935","f":6675032},{"m":true,"E":1596301522904,"l":6675044,"M":true,"q":"2253.00000000","s":"BLZBTC","a":5045709,"T":1596301522890,"e":"aggTrade","p":"0.00000934","f":6675034},{"m":true,"E":1596301522904,"l":6675048,"M":true,"q":"425.00000000","s":"BLZBTC","a":5045710,"T":1596301522890,"e":"aggTrade","p":"0.00000933","f":6675045},{"m":true,"E":1596301522904,"l":6675052,"M":true,"q":"98.00000000","s":"BLZBTC","a":5045711,"T":1596301522890,"e":"aggTrade","p":"0.00000932","f":6675049},{"m":true,"E":1596301522904,"l":6675055,"M":true,"q":"5281.00000000","s":"BLZBTC","a":5045712,"T":1596301522890,"e":"aggTrade","p":"0.00000931","f":6675053},{"m":true,"E":1596301522904,"l":6675065,"M":true,"q":"13886.00000000","s":"BLZBTC","a":5045713,"T":1596301522890,"e":"aggTrade","p":"0.00000930","f":6675056},{"m":true,"E":1596301522904,"l":6675073,"M":true,"q":"2487.00000000","s":"BLZBTC","a":5045714,"T":1596301522890,"e":"aggTrade","p":"0.00000929","f":6675066},{"m":true,"E":1596301522904,"l":6675087,"M":true,"q":"1467.00000000","s":"BLZBTC","a":5045715,"T":1596301522890,"e":"aggTrade","p":"0.00000928","f":6675074},{"m":true,"E":1596301522904,"l":6675102,"M":true,"q":"7686.00000000","s":"BLZBTC","a":5045716,"T":1596301522890,"e":"aggTrade","p":"0.00000927","f":6675088},{"m":true,"E":1596301522904,"l":6675119,"M":true,"q":"17257.00000000","s":"BLZBTC","a":5045717,"T":1596301522890,"e":"aggTrade","p":"0.00000926","f":6675103},{"m":true,"E":1596301522904,"l":6675136,"M":true,"q":"13874.00000000","s":"BLZBTC","a":5045718,"T":1596301522890,"e":"aggTrade","p":"0.00000925","f":6675120},{"m":true,"E":1596301522904,"l":6675140,"M":true,"q":"1447.00000000","s":"BLZBTC","a":5045719,"T":1596301522890,"e":"aggTrade","p":"0.00000924","f":6675137},{"m":true,"E":1596301522904,"l":6675146,"M":true,"q":"3063.00000000","s":"BLZBTC","a":5045720,"T":1596301522890,"e":"aggTrade","p":"0.00000923","f":6675141},{"m":true,"E":1596301522904,"l":6675151,"M":true,"q":"5650.00000000","s":"BLZBTC","a":5045721,"T":1596301522890,"e":"aggTrade","p":"0.00000922","f":6675147},{"m":true,"E":1596301522904,"l":6675154,"M":true,"q":"3132.00000000","s":"BLZBTC","a":5045722,"T":1596301522890,"e":"aggTrade","p":"0.00000921","f":6675152},{"m":true,"E":1596301522904,"l":6675155,"M":true,"q":"1096.00000000","s":"BLZBTC","a":5045723,"T":1596301522890,"e":"aggTrade","p":"0.00000920","f":6675155},{"m":true,"E":1596301522904,"l":6675156,"M":true,"q":"22.00000000","s":"BLZBTC","a":5045724,"T":1596301522890,"e":"aggTrade","p":"0.00000920","f":6675156},{"m":true,"E":1596301522904,"l":6675157,"M":true,"q":"257.00000000","s":"BLZBTC","a":5045725,"T":1596301522890,"e":"aggTrade","p":"0.00000920","f":6675157},{"m":true,"E":1596301522904,"l":6675167,"M":true,"q":"36027.00000000","s":"BLZBTC","a":5045726,"T":1596301522890,"e":"aggTrade","p":"0.00000920","f":6675158},{"m":false,"E":1596301522909,"l":6675168,"M":true,"q":"50.00000000","s":"BLZBTC","a":5045727,"T":1596301522908,"e":"aggTrade","p":"0.00000920","f":6675168},{"m":false,"E":1596301522910,"l":6675169,"M":true,"q":"50.00000000","s":"BLZBTC","a":5045728,"T":1596301522908,"e":"aggTrade","p":"0.00000920","f":6675169},{"m":false,"E":1596301522910,"l":6675170,"M":true,"q":"50.00000000","s":"BLZBTC","a":5045729,"T":1596301522908,"e":"aggTrade","p":"0.00000920","f":6675170},{"m":false,"E":1596301522910,"l":6675171,"M":true,"q":"50.00000000","s":"BLZBTC","a":5045730,"T":1596301522908,"e":"aggTrade","p":"0.00000920","f":6675171},{"m":false,"E":1596301522910,"l":6675172,"M":true,"q":"50.00000000","s":"BLZBTC","a":5045731,"T":1596301522909,"e":"aggTrade","p":"0.00000920","f":6675172},{"m":false,"E":1596301522911,"l":6675173,"M":true,"q":"50.00000000","s":"BLZBTC","a":5045732,"T":1596301522909,"e":"aggTrade","p":"0.00000920","f":6675173},{"m":false,"E":1596301522911,"l":6675174,"M":true,"q":"50.00000000","s":"BLZBTC","a":5045733,"T":1596301522909,"e":"aggTrade","p":"0.00000920","f":6675174},{"m":false,"E":1596301522911,"l":6675175,"M":true,"q":"50.00000000","s":"BLZBTC","a":5045734,"T":1596301522909,"e":"aggTrade","p":"0.00000920","f":6675175},{"m":false,"E":1596301522911,"l":6675176,"M":true,"q":"50.00000000","s":"BLZBTC","a":5045735,"T":1596301522909,"e":"aggTrade","p":"0.00000920","f":6675176},{"m":false,"E":1596301522911,"l":6675177,"M":true,"q":"50.00000000","s":"BLZBTC","a":5045736,"T":1596301522909,"e":"aggTrade","p":"0.00000920","f":6675177},{"m":false,"E":1596301522912,"l":6675178,"M":true,"q":"50.00000000","s":"BLZBTC","a":5045737,"T":1596301522909,"e":"aggTrade","p":"0.00000920","f":6675178},{"m":false,"E":1596301522912,"l":6675179,"M":true,"q":"50.00000000","s":"BLZBTC","a":5045738,"T":1596301522909,"e":"aggTrade","p":"0.00000920","f":6675179},{"m":false,"E":1596301522912,"l":6675180,"M":true,"q":"50.00000000","s":"BLZBTC","a":5045739,"T":1596301522909,"e":"aggTrade","p":"0.00000920","f":6675180},{"m":false,"E":1596301522912,"l":6675181,"M":true,"q":"50.00000000","s":"BLZBTC","a":5045740,"T":1596301522910,"e":"aggTrade","p":"0.00000920","f":6675181},{"m":false,"E":1596301522912,"l":6675182,"M":true,"q":"258.00000000","s":"BLZBTC","a":5045741,"T":1596301522910,"e":"aggTrade","p":"0.00000920","f":6675182},{"m":false,"E":1596301522912,"l":6675183,"M":true,"q":"258.00000000","s":"BLZBTC","a":5045742,"T":1596301522910,"e":"aggTrade","p":"0.00000920","f":6675183},{"m":false,"E":1596301522913,"l":6675184,"M":true,"q":"50.00000000","s":"BLZBTC","a":5045743,"T":1596301522910,"e":"aggTrade","p":"0.00000920","f":6675184},{"m":false,"E":1596301522913,"l":6675185,"M":true,"q":"258.00000000","s":"BLZBTC","a":5045744,"T":1596301522911,"e":"aggTrade","p":"0.00000920","f":6675185},{"m":false,"E":1596301522913,"l":6675186,"M":true,"q":"258.00000000","s":"BLZBTC","a":5045745,"T":1596301522911,"e":"aggTrade","p":"0.00000920","f":6675186},{"m":false,"E":1596301522913,"l":6675187,"M":true,"q":"258.00000000","s":"BLZBTC","a":5045746,"T":1596301522911,"e":"aggTrade","p":"0.00000920","f":6675187},{"m":false,"E":1596301522913,"l":6675188,"M":true,"q":"50.00000000","s":"BLZBTC","a":5045747,"T":1596301522911,"e":"aggTrade","p":"0.00000920","f":6675188},{"m":false,"E":1596301522913,"l":6675189,"M":true,"q":"258.00000000","s":"BLZBTC","a":5045748,"T":1596301522911,"e":"aggTrade","p":"0.00000920","f":6675189},{"m":false,"E":1596301522913,"l":6675190,"M":true,"q":"50.00000000","s":"BLZBTC","a":5045749,"T":1596301522911,"e":"aggTrade","p":"0.00000920","f":6675190},{"m":false,"E":1596301522913,"l":6675191,"M":true,"q":"50.00000000","s":"BLZBTC","a":5045750,"T":1596301522911,"e":"aggTrade","p":"0.00000920","f":6675191},{"m":false,"E":1596301522913,"l":6675192,"M":true,"q":"50.00000000","s":"BLZBTC","a":5045751,"T":1596301522911,"e":"aggTrade","p":"0.00000920","f":6675192},{"m":false,"E":1596301522914,"l":6675193,"M":true,"q":"50.00000000","s":"BLZBTC","a":5045752,"T":1596301522911,"e":"aggTrade","p":"0.00000920","f":6675193},{"m":false,"E":1596301522914,"l":6675194,"M":true,"q":"50.00000000","s":"BLZBTC","a":5045753,"T":1596301522911,"e":"aggTrade","p":"0.00000920","f":6675194},{"m":false,"E":1596301522914,"l":6675195,"M":true,"q":"50.00000000","s":"BLZBTC","a":5045754,"T":1596301522911,"e":"aggTrade","p":"0.00000920","f":6675195},{"m":false,"E":1596301522914,"l":6675196,"M":true,"q":"50.00000000","s":"BLZBTC","a":5045755,"T":1596301522911,"e":"aggTrade","p":"0.00000920","f":6675196},{"m":false,"E":1596301522914,"l":6675197,"M":true,"q":"50.00000000","s":"BLZBTC","a":5045756,"T":1596301522911,"e":"aggTrade","p":"0.00000920","f":6675197},{"m":false,"E":1596301522914,"l":6675198,"M":true,"q":"258.00000000","s":"BLZBTC","a":5045757,"T":1596301522911,"e":"aggTrade","p":"0.00000920","f":6675198},{"m":false,"E":1596301522915,"l":6675199,"M":true,"q":"169.00000000","s":"BLZBTC","a":5045758,"T":1596301522911,"e":"aggTrade","p":"0.00000920","f":6675199},{"m":false,"E":1596301522915,"l":6675200,"M":true,"q":"50.00000000","s":"BLZBTC","a":5045759,"T":1596301522911,"e":"aggTrade","p":"0.00000920","f":6675200},{"m":false,"E":1596301522915,"l":6675201,"M":true,"q":"258.00000000","s":"BLZBTC","a":5045760,"T":1596301522911,"e":"aggTrade","p":"0.00000920","f":6675201},{"m":false,"E":1596301522915,"l":6675202,"M":true,"q":"258.00000000","s":"BLZBTC","a":5045761,"T":1596301522911,"e":"aggTrade","p":"0.00000920","f":6675202},{"m":false,"E":1596301522915,"l":6675203,"M":true,"q":"50.00000000","s":"BLZBTC","a":5045762,"T":1596301522911,"e":"aggTrade","p":"0.00000920","f":6675203},{"m":false,"E":1596301522915,"l":6675204,"M":true,"q":"208.00000000","s":"BLZBTC","a":5045763,"T":1596301522911,"e":"aggTrade","p":"0.00000920","f":6675204},{"m":false,"E":1596301522915,"l":6675205,"M":true,"q":"50.00000000","s":"BLZBTC","a":5045764,"T":1596301522912,"e":"aggTrade","p":"0.00000920","f":6675205},{"m":false,"E":1596301522915,"l":6675206,"M":true,"q":"258.00000000","s":"BLZBTC","a":5045765,"T":1596301522912,"e":"aggTrade","p":"0.00000920","f":6675206},{"m":false,"E":1596301522915,"l":6675207,"M":true,"q":"50.00000000","s":"BLZBTC","a":5045766,"T":1596301522912,"e":"aggTrade","p":"0.00000920","f":6675207},{"m":false,"E":1596301522916,"l":6675208,"M":true,"q":"258.00000000","s":"BLZBTC","a":5045767,"T":1596301522912,"e":"aggTrade","p":"0.00000920","f":6675208},{"m":false,"E":1596301522916,"l":6675209,"M":true,"q":"258.00000000","s":"BLZBTC","a":5045768,"T":1596301522912,"e":"aggTrade","p":"0.00000920","f":6675209},{"m":false,"E":1596301522916,"l":6675210,"M":true,"q":"50.00000000","s":"BLZBTC","a":5045769,"T":1596301522912,"e":"aggTrade","p":"0.00000920","f":6675210},{"m":false,"E":1596301522917,"l":6675211,"M":true,"q":"258.00000000","s":"BLZBTC","a":5045770,"T":1596301522912,"e":"aggTrade","p":"0.00000920","f":6675211},{"m":false,"E":1596301522917,"l":6675212,"M":true,"q":"50.00000000","s":"BLZBTC","a":5045771,"T":1596301522912,"e":"aggTrade","p":"0.00000920","f":6675212},{"m":false,"E":1596301522917,"l":6675213,"M":true,"q":"208.00000000","s":"BLZBTC","a":5045772,"T":1596301522912,"e":"aggTrade","p":"0.00000920","f":6675213},{"m":false,"E":1596301522917,"l":6675214,"M":true,"q":"50.00000000","s":"BLZBTC","a":5045773,"T":1596301522912,"e":"aggTrade","p":"0.00000920","f":6675214},{"m":false,"E":1596301522917,"l":6675215,"M":true,"q":"258.00000000","s":"BLZBTC","a":5045774,"T":1596301522912,"e":"aggTrade","p":"0.00000920","f":6675215},{"m":false,"E":1596301522917,"l":6675216,"M":true,"q":"50.00000000","s":"BLZBTC","a":5045775,"T":1596301522912,"e":"aggTrade","p":"0.00000920","f":6675216},{"m":false,"E":1596301522917,"l":6675217,"M":true,"q":"258.00000000","s":"BLZBTC","a":5045776,"T":1596301522912,"e":"aggTrade","p":"0.00000920","f":6675217},{"m":false,"E":1596301522917,"l":6675218,"M":true,"q":"50.00000000","s":"BLZBTC","a":5045777,"T":1596301522912,"e":"aggTrade","p":"0.00000920","f":6675218},{"m":false,"E":1596301522918,"l":6675219,"M":true,"q":"258.00000000","s":"BLZBTC","a":5045778,"T":1596301522912,"e":"aggTrade","p":"0.00000920","f":6675219},{"m":false,"E":1596301522918,"l":6675220,"M":true,"q":"50.00000000","s":"BLZBTC","a":5045779,"T":1596301522913,"e":"aggTrade","p":"0.00000920","f":6675220},{"m":false,"E":1596301522918,"l":6675221,"M":true,"q":"258.00000000","s":"BLZBTC","a":5045780,"T":1596301522913,"e":"aggTrade","p":"0.00000920","f":6675221},{"m":false,"E":1596301522918,"l":6675222,"M":true,"q":"50.00000000","s":"BLZBTC","a":5045781,"T":1596301522913,"e":"aggTrade","p":"0.00000920","f":6675222},{"m":false,"E":1596301522918,"l":6675223,"M":true,"q":"50.00000000","s":"BLZBTC","a":5045782,"T":1596301522913,"e":"aggTrade","p":"0.00000920","f":6675223},{"m":false,"E":1596301522918,"l":6675224,"M":true,"q":"50.00000000","s":"BLZBTC","a":5045783,"T":1596301522913,"e":"aggTrade","p":"0.00000920","f":6675224},{"m":false,"E":1596301522918,"l":6675225,"M":true,"q":"50.00000000","s":"BLZBTC","a":5045784,"T":1596301522913,"e":"aggTrade","p":"0.00000920","f":6675225},{"m":false,"E":1596301522919,"l":6675226,"M":true,"q":"50.00000000","s":"BLZBTC","a":5045785,"T":1596301522913,"e":"aggTrade","p":"0.00000920","f":6675226},{"m":false,"E":1596301522919,"l":6675227,"M":true,"q":"258.00000000","s":"BLZBTC","a":5045786,"T":1596301522913,"e":"aggTrade","p":"0.00000920","f":6675227},{"m":false,"E":1596301522919,"l":6675228,"M":true,"q":"50.00000000","s":"BLZBTC","a":5045787,"T":1596301522913,"e":"aggTrade","p":"0.00000920","f":6675228},{"m":false,"E":1596301522919,"l":6675229,"M":true,"q":"50.00000000","s":"BLZBTC","a":5045788,"T":1596301522913,"e":"aggTrade","p":"0.00000920","f":6675229},{"m":false,"E":1596301522919,"l":6675230,"M":true,"q":"50.00000000","s":"BLZBTC","a":5045789,"T":1596301522913,"e":"aggTrade","p":"0.00000920","f":6675230},{"m":false,"E":1596301522919,"l":6675231,"M":true,"q":"50.00000000","s":"BLZBTC","a":5045790,"T":1596301522913,"e":"aggTrade","p":"0.00000920","f":6675231},{"m":false,"E":1596301522919,"l":6675232,"M":true,"q":"50.00000000","s":"BLZBTC","a":5045791,"T":1596301522913,"e":"aggTrade","p":"0.00000920","f":6675232},{"m":false,"E":1596301522919,"l":6675233,"M":true,"q":"50.00000000","s":"BLZBTC","a":5045792,"T":1596301522913,"e":"aggTrade","p":"0.00000920","f":6675233},{"m":false,"E":1596301522919,"l":6675234,"M":true,"q":"50.00000000","s":"BLZBTC","a":5045793,"T":1596301522913,"e":"aggTrade","p":"0.00000920","f":6675234},{"m":false,"E":1596301522920,"l":6675235,"M":true,"q":"258.00000000","s":"BLZBTC","a":5045794,"T":1596301522913,"e":"aggTrade","p":"0.00000920","f":6675235},{"m":false,"E":1596301522920,"l":6675236,"M":true,"q":"50.00000000","s":"BLZBTC","a":5045795,"T":1596301522913,"e":"aggTrade","p":"0.00000920","f":6675236},{"m":false,"E":1596301522920,"l":6675237,"M":true,"q":"208.00000000","s":"BLZBTC","a":5045796,"T":1596301522913,"e":"aggTrade","p":"0.00000920","f":6675237},{"m":false,"E":1596301522920,"l":6675238,"M":true,"q":"50.00000000","s":"BLZBTC","a":5045797,"T":1596301522913,"e":"aggTrade","p":"0.00000920","f":6675238},{"m":false,"E":1596301522920,"l":6675239,"M":true,"q":"208.00000000","s":"BLZBTC","a":5045798,"T":1596301522913,"e":"aggTrade","p":"0.00000920","f":6675239},{"m":false,"E":1596301522920,"l":6675240,"M":true,"q":"50.00000000","s":"BLZBTC","a":5045799,"T":1596301522913,"e":"aggTrade","p":"0.00000920","f":6675240},{"m":false,"E":1596301522921,"l":6675241,"M":true,"q":"50.00000000","s":"BLZBTC","a":5045800,"T":1596301522913,"e":"aggTrade","p":"0.00000920","f":6675241},{"m":false,"E":1596301522921,"l":6675242,"M":true,"q":"50.00000000","s":"BLZBTC","a":5045801,"T":1596301522913,"e":"aggTrade","p":"0.00000920","f":6675242},{"m":false,"E":1596301522921,"l":6675243,"M":true,"q":"208.00000000","s":"BLZBTC","a":5045802,"T":1596301522914,"e":"aggTrade","p":"0.00000920","f":6675243},{"m":false,"E":1596301522922,"l":6675244,"M":true,"q":"258.00000000","s":"BLZBTC","a":5045803,"T":1596301522914,"e":"aggTrade","p":"0.00000920","f":6675244},{"m":false,"E":1596301522922,"l":6675245,"M":true,"q":"258.00000000","s":"BLZBTC","a":5045804,"T":1596301522914,"e":"aggTrade","p":"0.00000920","f":6675245},{"m":false,"E":1596301522922,"l":6675246,"M":true,"q":"50.00000000","s":"BLZBTC","a":5045805,"T":1596301522914,"e":"aggTrade","p":"0.00000920","f":6675246},{"m":false,"E":1596301522922,"l":6675247,"M":true,"q":"50.00000000","s":"BLZBTC","a":5045806,"T":1596301522914,"e":"aggTrade","p":"0.00000920","f":6675247},{"m":false,"E":1596301522922,"l":6675248,"M":true,"q":"50.00000000","s":"BLZBTC","a":5045807,"T":1596301522914,"e":"aggTrade","p":"0.00000920","f":6675248},{"m":false,"E":1596301522922,"l":6675249,"M":true,"q":"208.00000000","s":"BLZBTC","a":5045808,"T":1596301522914,"e":"aggTrade","p":"0.00000920","f":6675249},{"m":false,"E":1596301522922,"l":6675250,"M":true,"q":"208.00000000","s":"BLZBTC","a":5045809,"T":1596301522914,"e":"aggTrade","p":"0.00000920","f":6675250},{"m":false,"E":1596301522922,"l":6675251,"M":true,"q":"208.00000000","s":"BLZBTC","a":5045810,"T":1596301522914,"e":"aggTrade","p":"0.00000920","f":6675251}