[{"peak":"","transactionList":[]},{"peak":"-7.68194070|5010,16.35220126|6240,-5.07099391|750,13.38742394|8340,-5.47169811|180,3.54716981|330,-3.35216573|390,6.66666667|540,-7.90626786|1470,7.65860164|4206,-6.90503216|567,4.08626561|1053","transactionList":[{},{},{},{},{},{},{},{},{},{},{},{}]},{"peak":"8.96946565|750,-4.96323529|1680,6.98529412|1860,-19.01840491|6600,6.13496933|7020,-3.18091451|180,8.34990060|1950,-4.40613027|510,5.74712644|1050,-4.34782609|450,4.91493384|3030,-7.97665370|3708","transactionList":[{},{},{},{},{},{},{},{},{},{},{},{}]},{"peak":"-9.42591156|1200,10.51202483|1590,-17.00205339|2880,10.14373717|1440,-3.67220719|330,13.72245845|240,-16.65344964|1380,8.64393339|5250,-7.19874804|2820,12.20657277|510,-7.86009778|240,7.74727341|1140,-6.74366617|990,4.50819672|300,-3.62024381|300,3.58330255|2130,-5.21575985|1380,6.94183865|3411,-4.77941176|1392,3.75000000|616","transactionList":[{},{},{},{},{},{},{},{},{},{},{},{},{},{},{},{},{},{},{},{}]},{"peak":"-3.94736842|540,5.26315789|240,-4.57516340|450,5.22875817|990,-12.58741259|3480,3.49650350|240,-3.49650350|1770,3.49650350|420,-3.49650350|660,12.58741259|3270,-5.22875817|540,7.18954248|600,-4.45859873|540,5.09554140|1230,-3.12500000|60,23.75000000|570,-11.86440678|660,6.77966102|90,-10.52631579|720,6.43274854|420,-4.59770115|300,4.59770115|840,-5.20231214|420,4.62427746|480,-3.42857143|180,6.85714286|630,-6.25000000|210,10.22727273|1050,-4.30107527|210,5.37634409|90,-4.81283422|150,37.43315508|600,-5.76131687|90,25.92592593|210,-8.51063830|120,4.96453901|30,-15.62500000|240,5.46875000|180,-8.00000000|180,12.00000000|210,-18.64406780|420,4.66101695|210,-5.55555556|150,5.98290598|210,-5.08474576|150,4.66101695|330,-4.66101695|450,14.83050847|540,-4.23076923|60,4.23076923|90,-13.86554622|540,14.70588235|435,-4.19847328|87,3.05343511|12,-11.11111111|264,5.76131687|135,-6.19834711|381,4.54545455|372,-7.65957447|943,11.91489362|487,12.76595745|537,-4.74308300|82","transactionList":[{},{},{},{},{},{},{},{},{},{},{},{},{},{},{},{},{},{},{},{},{},{},{},{},{},{},{},{},{},{},{},{},{},{},{},{},{},{},{},{},{},{},{},{},{},{},{},{},{},{},{},{},{},{},{},{},{},{},{},{},[{"m":false,"E":1594797352833,"l":6386690,"M":true,"q":"41000.00000000","s":"DOCKBTC","a":4013465,"T":1594797352832,"e":"aggTrade","p":"0.00000132","f":6386690},{"m":false,"E":1594797354741,"l":6386691,"M":true,"q":"34000.00000000","s":"DOCKBTC","a":4013466,"T":1594797354740,"e":"aggTrade","p":"0.00000132","f":6386691},{"m":true,"E":1594797355076,"l":6386692,"M":true,"q":"76.00000000","s":"DOCKBTC","a":4013467,"T":1594797355075,"e":"aggTrade","p":"0.00000131","f":6386692},{"m":false,"E":1594797357504,"l":6386711,"M":true,"q":"303030.00000000","s":"DOCKBTC","a":4013468,"T":1594797357500,"e":"aggTrade","p":"0.00000132","f":6386693},{"m":false,"E":1594797360117,"l":6386713,"M":true,"q":"34000.00000000","s":"DOCKBTC","a":4013469,"T":1594797360116,"e":"aggTrade","p":"0.00000132","f":6386712},{"m":true,"E":1594797360479,"l":6386714,"M":true,"q":"76.00000000","s":"DOCKBTC","a":4013470,"T":1594797360478,"e":"aggTrade","p":"0.00000131","f":6386714},{"m":false,"E":1594797360571,"l":6386715,"M":true,"q":"758.00000000","s":"DOCKBTC","a":4013471,"T":1594797360570,"e":"aggTrade","p":"0.00000132","f":6386715},{"m":false,"E":1594797361510,"l":6386716,"M":true,"q":"77.00000000","s":"DOCKBTC","a":4013472,"T":1594797361509,"e":"aggTrade","p":"0.00000132","f":6386716},{"m":false,"E":1594797361693,"l":6386717,"M":true,"q":"77.00000000","s":"DOCKBTC","a":4013473,"T":1594797361692,"e":"aggTrade","p":"0.00000132","f":6386717},{"m":false,"E":1594797361786,"l":6386718,"M":true,"q":"77.00000000","s":"DOCKBTC","a":4013474,"T":1594797361784,"e":"aggTrade","p":"0.00000132","f":6386718},{"m":false,"E":1594797362177,"l":6386719,"M":true,"q":"77.00000000","s":"DOCKBTC","a":4013475,"T":1594797362176,"e":"aggTrade","p":"0.00000132","f":6386719},{"m":false,"E":1594797362229,"l":6386720,"M":true,"q":"77.00000000","s":"DOCKBTC","a":4013476,"T":1594797362228,"e":"aggTrade","p":"0.00000132","f":6386720},{"m":true,"E":1594797366168,"l":6386721,"M":true,"q":"76.00000000","s":"DOCKBTC","a":4013477,"T":1594797366167,"e":"aggTrade","p":"0.00000131","f":6386721},{"m":false,"E":1594797373136,"l":6386723,"M":true,"q":"92051.00000000","s":"DOCKBTC","a":4013478,"T":1594797373135,"e":"aggTrade","p":"0.00000132","f":6386722},{"m":true,"E":1594797376074,"l":6386724,"M":true,"q":"76.00000000","s":"DOCKBTC","a":4013479,"T":1594797376073,"e":"aggTrade","p":"0.00000131","f":6386724},{"m":false,"E":1594797400222,"l":6386765,"M":true,"q":"658530.00000000","s":"DOCKBTC","a":4013480,"T":1594797400216,"e":"aggTrade","p":"0.00000132","f":6386725},{"m":false,"E":1594797402752,"l":6386768,"M":true,"q":"376.00000000","s":"DOCKBTC","a":4013481,"T":1594797402751,"e":"aggTrade","p":"0.00000133","f":6386766},{"m":false,"E":1594797402776,"l":6386769,"M":true,"q":"76.00000000","s":"DOCKBTC","a":4013482,"T":1594797402775,"e":"aggTrade","p":"0.00000133","f":6386769},{"m":false,"E":1594797402805,"l":6386770,"M":true,"q":"226.00000000","s":"DOCKBTC","a":4013483,"T":1594797402804,"e":"aggTrade","p":"0.00000133","f":6386770},{"m":false,"E":1594797403087,"l":6386775,"M":true,"q":"3603.00000000","s":"DOCKBTC","a":4013484,"T":1594797403086,"e":"aggTrade","p":"0.00000133","f":6386771},{"m":false,"E":1594797403163,"l":6386776,"M":true,"q":"151.00000000","s":"DOCKBTC","a":4013485,"T":1594797403162,"e":"aggTrade","p":"0.00000133","f":6386776},{"m":false,"E":1594797403319,"l":6386777,"M":true,"q":"151.00000000","s":"DOCKBTC","a":4013486,"T":1594797403318,"e":"aggTrade","p":"0.00000133","f":6386777},{"m":false,"E":1594797403447,"l":6386778,"M":true,"q":"113.00000000","s":"DOCKBTC","a":4013487,"T":1594797403446,"e":"aggTrade","p":"0.00000133","f":6386778},{"m":false,"E":1594797403731,"l":6386780,"M":true,"q":"151.00000000","s":"DOCKBTC","a":4013488,"T":1594797403730,"e":"aggTrade","p":"0.00000133","f":6386779},{"m":true,"E":1594797403740,"l":6386781,"M":true,"q":"75.00000000","s":"DOCKBTC","a":4013489,"T":1594797403739,"e":"aggTrade","p":"0.00000132","f":6386781},{"m":true,"E":1594797403741,"l":6386782,"M":true,"q":"3600.00000000","s":"DOCKBTC","a":4013490,"T":1594797403739,"e":"aggTrade","p":"0.00000132","f":6386782},{"m":true,"E":1594797405122,"l":6386783,"M":true,"q":"1038.00000000","s":"DOCKBTC","a":4013491,"T":1594797405121,"e":"aggTrade","p":"0.00000132","f":6386783},{"m":false,"E":1594797429141,"l":6386784,"M":true,"q":"76.00000000","s":"DOCKBTC","a":4013492,"T":1594797429139,"e":"aggTrade","p":"0.00000133","f":6386784},{"m":false,"E":1594797429723,"l":6386785,"M":true,"q":"2255.00000000","s":"DOCKBTC","a":4013493,"T":1594797429722,"e":"aggTrade","p":"0.00000133","f":6386785},{"m":true,"E":1594797439522,"l":6386786,"M":true,"q":"75.00000000","s":"DOCKBTC","a":4013494,"T":1594797439521,"e":"aggTrade","p":"0.00000132","f":6386786},{"m":false,"E":1594797448411,"l":6386788,"M":true,"q":"5602.00000000","s":"DOCKBTC","a":4013495,"T":1594797448410,"e":"aggTrade","p":"0.00000133","f":6386787},{"m":true,"E":1594797453320,"l":6386789,"M":true,"q":"75.00000000","s":"DOCKBTC","a":4013496,"T":1594797453319,"e":"aggTrade","p":"0.00000132","f":6386789},{"m":false,"E":1594797455239,"l":6386790,"M":true,"q":"8336.00000000","s":"DOCKBTC","a":4013497,"T":1594797455238,"e":"aggTrade","p":"0.00000133","f":6386790},{"m":true,"E":1594797457245,"l":6386791,"M":true,"q":"75.00000000","s":"DOCKBTC","a":4013498,"T":1594797457244,"e":"aggTrade","p":"0.00000132","f":6386791}],[{"m":false,"E":1594802319553,"l":6387970,"M":true,"q":"17000.00000000","s":"DOCKBTC","a":4014068,"T":1594802319552,"e":"aggTrade","p":"0.00000128","f":6387970},{"m":true,"E":1594802320430,"l":6387971,"M":true,"q":"999.00000000","s":"DOCKBTC","a":4014069,"T":1594802320429,"e":"aggTrade","p":"0.00000127","f":6387971},{"m":true,"E":1594802348306,"l":6387991,"M":true,"q":"188682.00000000","s":"DOCKBTC","a":4014070,"T":1594802348302,"e":"aggTrade","p":"0.00000127","f":6387972},{"m":true,"E":1594802348372,"l":6388001,"M":true,"q":"169000.00000000","s":"DOCKBTC","a":4014071,"T":1594802348370,"e":"aggTrade","p":"0.00000127","f":6387992},{"m":true,"E":1594802358819,"l":6388003,"M":true,"q":"19500.00000000","s":"DOCKBTC","a":4014072,"T":1594802358818,"e":"aggTrade","p":"0.00000127","f":6388002},{"m":true,"E":1594802360768,"l":6388004,"M":true,"q":"30742.00000000","s":"DOCKBTC","a":4014073,"T":1594802360767,"e":"aggTrade","p":"0.00000127","f":6388004},{"m":true,"E":1594802369594,"l":6388009,"M":true,"q":"398582.00000000","s":"DOCKBTC","a":4014074,"T":1594802369593,"e":"aggTrade","p":"0.00000127","f":6388005},{"m":false,"E":1594802369609,"l":6388010,"M":true,"q":"5896.00000000","s":"DOCKBTC","a":4014075,"T":1594802369608,"e":"aggTrade","p":"0.00000127","f":6388010},{"m":false,"E":1594802369705,"l":6388013,"M":true,"q":"35886.00000000","s":"DOCKBTC","a":4014076,"T":1594802369704,"e":"aggTrade","p":"0.00000127","f":6388011},{"m":false,"E":1594802369804,"l":6388014,"M":true,"q":"3166.00000000","s":"DOCKBTC","a":4014077,"T":1594802369803,"e":"aggTrade","p":"0.00000127","f":6388014},{"m":false,"E":1594802370050,"l":6388015,"M":true,"q":"12936.00000000","s":"DOCKBTC","a":4014078,"T":1594802370049,"e":"aggTrade","p":"0.00000127","f":6388015},{"m":true,"E":1594802371556,"l":6388016,"M":true,"q":"79.00000000","s":"DOCKBTC","a":4014079,"T":1594802371555,"e":"aggTrade","p":"0.00000126","f":6388016},{"m":true,"E":1594802371556,"l":6388017,"M":true,"q":"8700.00000000","s":"DOCKBTC","a":4014080,"T":1594802371555,"e":"aggTrade","p":"0.00000126","f":6388017},{"m":false,"E":1594802374226,"l":6388018,"M":true,"q":"555.00000000","s":"DOCKBTC","a":4014081,"T":1594802374225,"e":"aggTrade","p":"0.00000127","f":6388018},{"m":false,"E":1594802374706,"l":6388019,"M":true,"q":"2213.00000000","s":"DOCKBTC","a":4014082,"T":1594802374705,"e":"aggTrade","p":"0.00000127","f":6388019},{"m":true,"E":1594802375836,"l":6388020,"M":true,"q":"79.00000000","s":"DOCKBTC","a":4014083,"T":1594802375835,"e":"aggTrade","p":"0.00000126","f":6388020},{"m":false,"E":1594802377666,"l":6388022,"M":true,"q":"73272.00000000","s":"DOCKBTC","a":4014084,"T":1594802377665,"e":"aggTrade","p":"0.00000127","f":6388021},{"m":true,"E":1594802395558,"l":6388023,"M":true,"q":"23997.00000000","s":"DOCKBTC","a":4014085,"T":1594802395557,"e":"aggTrade","p":"0.00000127","f":6388023}]]},{"peak":"-3.87005650|240,9.51977401|540,-4.67062635|150,3.07775378|60,-3.27292399|90,25.20962943|660,-7.45125348|150,19.22005571|360,-4.53897822|120,9.76999796|120,-4.27300851|120,16.86001547|210,-8.25720939|300,8.22138635|210,-8.88448369|210,3.64029555|90,-17.67955801|270,9.06486597|150,-5.50277118|210,3.24623911|360,-8.03645402|180,8.84424192|150,-8.46233230|450,20.12383901|390,-9.00917775|150,12.94249860|690,-6.16197183|120,13.23943662|390,-8.48372407|150,3.89610390|60,-3.19986597|90,7.33791255|480,-14.71799463|780,5.80125336|270,-17.73261606|720,7.25244073|330,-7.78934722|390,4.28514217|360,-15.81054036|1020,4.00266845|660,-9.42910622|1080,22.34440805|720,-7.52621838|210,3.26958667|60,-9.10275907|570,3.75841842|90,-6.03907638|330,4.41829485|360,-3.97965952|870,5.21777581|360,-8.38077887|360,6.83215668|1230,-12.35928144|2340,3.01796407|660,-9.38453713|1470,8.95218718|1920,-6.93959061|1923,4.69296056|825,-5.85562847|525,20.06562342|510,-8.16280127|103,4.82037290|25,-5.13112885|50,3.46636260|25,-4.29885057|141,4.29885057|159,-8.80095923|343","transactionList":[{},{},{},{},{},{},{},{},{},{},{},{},{},{},{},{},{},{},{},{},{},{},{},{},{},{},{},{},{},{},{},{},{},{},{},{},{},{},{},{},{},{},{},{},{},{},{},{},{},{},{},{},{},{},{},{},{},{},{},{},{},{},{},{},{},{},{}]},{"peak":"-13.31923890|5670,6.34249471|2490,-5.23012552|1830,4.39330544|1290,-6.17021277|1620,10.21276596|900,-3.39321357|150,7.38522954|1020,-6.53465347|2100,4.95049505|480,-3.92156863|330,12.74509804|2070,-4.35571688|600,15.60798548|930,-9.63855422|570,3.27022375|180,-3.80622837|120,4.32525952|150,-6.34920635|510,5.46737213|1140,-8.13743219|3078,3.07414105|276,-5.36044362|1317,3.14232902|992","transactionList":[{},{},{},{},{},{},{},{},{},{},{},{},{},{},{},{},{},{},{},{},{},{},{},{}]},{"peak":"8.49220104|210,-20.61657033|3150,3.27552987|270,-15.02145923|1680,14.16309013|840,-9.91735537|1680,4.75206612|1260,-10.94091904|1020,3.06345733|510,-4.89977728|960,9.35412027|1410,-4.91452991|600,3.41880342|720,-5.90809628|1710,7.22100656|2010,-6.06060606|60,3.89610390|300,-3.44827586|600,7.54310345|2880,-4.39330544|390,11.50627615|1410,-3.89863548|900,4.09356725|930,-9.87654321|2124,3.08641975|15,-7.05128205|357,5.98290598|1231,-5.08474576|286,-5.08474576|286","transactionList":[{},{},{},{},{},{},{},{},{},{},{},{},{},{},{},{},{},{},{},{},{},{},{},{},{},{},{},{},[{"m":false,"l":1836772,"M":true,"q":"725.00000000","a":1016460,"T":1594759960218,"p":"0.00000237","f":1836772},{"m":true,"l":1836773,"M":true,"q":"243.00000000","a":1016461,"T":1594759999166,"p":"0.00000236","f":1836773}]]},{"peak":"-6.06936416|300,3.61271676|120,-9.29878049|780,6.25000000|1140,-13.88888889|930,11.43790850|1170,-22.88288288|930,9.54954955|660,-3.57751278|600,3.40715503|240,-6.86619718|420,7.57042254|840,-7.00525394|2010,6.65499124|450,-4.63917526|390,3.43642612|300,-4.15224913|780,22.31833910|2100,-5.20833333|840,6.99404762|450,-5.11695906|420,16.95906433|330,-4.84927916|60,5.89777195|180,-8.89487871|360,5.79514825|60,-7.97799175|390,6.60247593|600,-9.61810467|1080,6.64780764|1500,-8.48920863|2220,10.93525180|1110,-3.21285141|240,23.15930388|1620,-13.72064277|1260,5.93325093|342,-10.01283697|519,4.74967908|201,-6.80628272|474,23.95287958|866,-3.83771930|22,6.79824561|6,-4.84391819|22,3.01399354|14,-5.62913907|92,7.39514349|19,-4.62365591|90,10.86021505|65,-4.56389452|9,8.01217039|47,-4.10557185|14,5.18084066|23,-7.49250749|77,6.19380619|20,-4.42043222|42,12.77013752|73,-4.07978241|13,4.71441523|17,-3.40196956|9,9.31065354|24,-4.71698113|9,3.77358491|11,-6.23353819|36,22.03687445|50,-10.84529506|36,14.91228070|21,-5.25931337|8,3.87143901|2,-8.54961832|13,4.50381679|16,4.50381679|16,-5.71428571|15,5.71428571|11,-8.73709293|38,3.49483717|6,-5.84890333|34,4.38667750|10,-3.37892196|17,3.21802092|16,-6.29660315|37","transactionList":[{},{},{},{},{},{},{},{},{},{},{},{},{},{},{},{},{},{},{},{},{},{},{},{},{},{},{},{},{},{},{},{},{},{},{},{},{},{},{},{},{},{},{},{},{},{},{},{},{},{},{},{},{},{},{},{},{},{},{},{},{},{},{},{},{},{},{},{},{},{},[{"m":false,"l":6194093,"M":true,"q":"79.00000000","a":4756233,"T":1594794660796,"p":"0.00000670","f":6194093},{"m":false,"l":6194094,"M":true,"q":"3016.00000000","a":4756234,"T":1594794660798,"p":"0.00000670","f":6194094},{"m":false,"l":6194095,"M":true,"q":"4637.00000000","a":4756235,"T":1594794661812,"p":"0.00000670","f":6194095},{"m":false,"l":6194096,"M":true,"q":"43.00000000","a":4756236,"T":1594794661815,"p":"0.00000670","f":6194096},{"m":false,"l":6194097,"M":true,"q":"35.00000000","a":4756237,"T":1594794662804,"p":"0.00000670","f":6194097},{"m":false,"l":6194098,"M":true,"q":"60.00000000","a":4756238,"T":1594794662810,"p":"0.00000670","f":6194098},{"m":false,"l":6194099,"M":true,"q":"4725.00000000","a":4756239,"T":1594794665648,"p":"0.00000670","f":6194099},{"m":true,"l":6194100,"M":true,"q":"453.00000000","a":4756240,"T":1594794665678,"p":"0.00000670","f":6194100},{"m":false,"l":6194101,"M":true,"q":"1357.00000000","a":4756241,"T":1594794666811,"p":"0.00000671","f":6194101},{"m":false,"l":6194102,"M":true,"q":"991.00000000","a":4756242,"T":1594794666825,"p":"0.00000671","f":6194102},{"m":false,"l":6194103,"M":true,"q":"732.00000000","a":4756243,"T":1594794666825,"p":"0.00000672","f":6194103},{"m":false,"l":6194104,"M":true,"q":"5850.00000000","a":4756244,"T":1594794666825,"p":"0.00000673","f":6194104},{"m":false,"l":6194105,"M":true,"q":"5.00000000","a":4756245,"T":1594794666987,"p":"0.00000673","f":6194105},{"m":false,"l":6194106,"M":true,"q":"15.00000000","a":4756246,"T":1594794667815,"p":"0.00000673","f":6194106},{"m":true,"l":6194107,"M":true,"q":"20.00000000","a":4756247,"T":1594794671682,"p":"0.00000671","f":6194107},{"m":true,"l":6194108,"M":true,"q":"124.00000000","a":4756248,"T":1594794673885,"p":"0.00000671","f":6194108},{"m":false,"l":6194109,"M":true,"q":"307.00000000","a":4756249,"T":1594794674849,"p":"0.00000673","f":6194109},{"m":false,"l":6194110,"M":true,"q":"246.00000000","a":4756250,"T":1594794676267,"p":"0.00000673","f":6194110},{"m":false,"l":6194111,"M":true,"q":"39.00000000","a":4756251,"T":1594794677870,"p":"0.00000673","f":6194111},{"m":false,"l":6194112,"M":true,"q":"5.00000000","a":4756252,"T":1594794681543,"p":"0.00000672","f":6194112},{"m":false,"l":6194113,"M":true,"q":"5.00000000","a":4756253,"T":1594794682130,"p":"0.00000672","f":6194113},{"m":false,"l":6194114,"M":true,"q":"104.00000000","a":4756254,"T":1594794692965,"p":"0.00000672","f":6194114},{"m":true,"l":6194115,"M":true,"q":"1512.00000000","a":4756255,"T":1594794693484,"p":"0.00000671","f":6194115},{"m":false,"l":6194116,"M":true,"q":"392.00000000","a":4756256,"T":1594794693913,"p":"0.00000672","f":6194116},{"m":false,"l":6194117,"M":true,"q":"39.00000000","a":4756257,"T":1594794693968,"p":"0.00000672","f":6194117},{"m":true,"l":6194118,"M":true,"q":"3416.00000000","a":4756258,"T":1594794696564,"p":"0.00000671","f":6194118},{"m":false,"l":6194119,"M":true,"q":"6974.00000000","a":4756259,"T":1594794696694,"p":"0.00000671","f":6194119},{"m":false,"l":6194121,"M":true,"q":"4937.00000000","a":4756260,"T":1594794696694,"p":"0.00000673","f":6194120},{"m":false,"l":6194122,"M":true,"q":"1789.00000000","a":4756261,"T":1594794696694,"p":"0.00000674","f":6194122},{"m":true,"l":6194123,"M":true,"q":"3749.00000000","a":4756262,"T":1594794696784,"p":"0.00000670","f":6194123},{"m":false,"l":6194124,"M":true,"q":"3410.00000000","a":4756263,"T":1594794696785,"p":"0.00000670","f":6194124},{"m":false,"l":6194125,"M":true,"q":"2044.00000000","a":4756264,"T":1594794696785,"p":"0.00000671","f":6194125},{"m":false,"l":6194126,"M":true,"q":"39.00000000","a":4756265,"T":1594794697999,"p":"0.00000671","f":6194126},{"m":false,"l":6194127,"M":true,"q":"39.00000000","a":4756266,"T":1594794698017,"p":"0.00000671","f":6194127},{"m":false,"l":6194128,"M":true,"q":"917.00000000","a":4756267,"T":1594794698809,"p":"0.00000671","f":6194128},{"m":false,"l":6194129,"M":true,"q":"117.00000000","a":4756268,"T":1594794699643,"p":"0.00000671","f":6194129},{"m":false,"l":6194130,"M":true,"q":"39.00000000","a":4756269,"T":1594794701028,"p":"0.00000671","f":6194130},{"m":false,"l":6194131,"M":true,"q":"39.00000000","a":4756270,"T":1594794702031,"p":"0.00000671","f":6194131},{"m":false,"l":6194132,"M":true,"q":"186.00000000","a":4756271,"T":1594794702769,"p":"0.00000671","f":6194132},{"m":false,"l":6194133,"M":true,"q":"66.00000000","a":4756272,"T":1594794705025,"p":"0.00000671","f":6194133},{"m":false,"l":6194134,"M":true,"q":"1528.00000000","a":4756273,"T":1594794705901,"p":"0.00000671","f":6194134},{"m":false,"l":6194135,"M":true,"q":"56.00000000","a":4756274,"T":1594794713041,"p":"0.00000671","f":6194135},{"m":false,"l":6194136,"M":true,"q":"99.00000000","a":4756275,"T":1594794713043,"p":"0.00000671","f":6194136},{"m":false,"l":6194137,"M":true,"q":"30.00000000","a":4756276,"T":1594794714044,"p":"0.00000671","f":6194137},{"m":false,"l":6194138,"M":true,"q":"138.00000000","a":4756277,"T":1594794717060,"p":"0.00000671","f":6194138},{"m":false,"l":6194139,"M":true,"q":"39.00000000","a":4756278,"T":1594794718070,"p":"0.00000671","f":6194139},{"m":false,"l":6194141,"M":true,"q":"120.00000000","a":4756279,"T":1594794719072,"p":"0.00000671","f":6194140},{"m":false,"l":6194142,"M":true,"q":"172.00000000","a":4756280,"T":1594794719080,"p":"0.00000671","f":6194142},{"m":false,"l":6194143,"M":true,"q":"1755.00000000","a":4756281,"T":1594794719235,"p":"0.00000671","f":6194143},{"m":false,"l":6194144,"M":true,"q":"395.00000000","a":4756282,"T":1594794720084,"p":"0.00000671","f":6194144},{"m":false,"l":6194145,"M":true,"q":"43.00000000","a":4756283,"T":1594794720090,"p":"0.00000671","f":6194145},{"m":true,"l":6194146,"M":true,"q":"20.00000000","a":4756284,"T":1594794720140,"p":"0.00000670","f":6194146},{"m":false,"l":6194147,"M":true,"q":"5.00000000","a":4756285,"T":1594794720650,"p":"0.00000671","f":6194147},{"m":false,"l":6194148,"M":true,"q":"298.00000000","a":4756286,"T":1594794722103,"p":"0.00000671","f":6194148},{"m":false,"l":6194149,"M":true,"q":"191.00000000","a":4756287,"T":1594794723109,"p":"0.00000671","f":6194149},{"m":false,"l":6194150,"M":true,"q":"167.00000000","a":4756288,"T":1594794724110,"p":"0.00000671","f":6194150},{"m":false,"l":6194151,"M":true,"q":"39.00000000","a":4756289,"T":1594794725120,"p":"0.00000671","f":6194151},{"m":true,"l":6194153,"M":true,"q":"1861.00000000","a":4756290,"T":1594794725226,"p":"0.00000670","f":6194152},{"m":false,"l":6194154,"M":true,"q":"66.00000000","a":4756291,"T":1594794726123,"p":"0.00000671","f":6194154},{"m":true,"l":6194156,"M":true,"q":"2310.00000000","a":4756292,"T":1594794728043,"p":"0.00000670","f":6194155},{"m":true,"l":6194157,"M":true,"q":"1064.00000000","a":4756293,"T":1594794728043,"p":"0.00000669","f":6194157},{"m":false,"l":6194158,"M":true,"q":"39.00000000","a":4756294,"T":1594794728142,"p":"0.00000671","f":6194158},{"m":true,"l":6194160,"M":true,"q":"2496.00000000","a":4756295,"T":1594794730441,"p":"0.00000669","f":6194159},{"m":false,"l":6194161,"M":true,"q":"43.00000000","a":4756296,"T":1594794732137,"p":"0.00000671","f":6194161},{"m":false,"l":6194162,"M":true,"q":"66.00000000","a":4756297,"T":1594794733151,"p":"0.00000671","f":6194162},{"m":false,"l":6194163,"M":true,"q":"281.00000000","a":4756298,"T":1594794734695,"p":"0.00000671","f":6194163},{"m":false,"l":6194164,"M":true,"q":"184.00000000","a":4756299,"T":1594794734981,"p":"0.00000671","f":6194164},{"m":false,"l":6194165,"M":true,"q":"755.00000000","a":4756300,"T":1594794735060,"p":"0.00000671","f":6194165},{"m":false,"l":6194166,"M":true,"q":"2250.00000000","a":4756301,"T":1594794738165,"p":"0.00000671","f":6194166},{"m":false,"l":6194167,"M":true,"q":"5.00000000","a":4756302,"T":1594794740092,"p":"0.00000673","f":6194167},{"m":false,"l":6194168,"M":true,"q":"283.00000000","a":4756303,"T":1594794741177,"p":"0.00000673","f":6194168},{"m":false,"l":6194169,"M":true,"q":"276.00000000","a":4756304,"T":1594794744487,"p":"0.00000672","f":6194169},{"m":false,"l":6194170,"M":true,"q":"1194.00000000","a":4756305,"T":1594794744487,"p":"0.00000673","f":6194170},{"m":true,"l":6194171,"M":true,"q":"192.00000000","a":4756306,"T":1594794749941,"p":"0.00000671","f":6194171},{"m":false,"l":6194172,"M":true,"q":"1376.00000000","a":4756307,"T":1594794749954,"p":"0.00000671","f":6194172},{"m":false,"l":6194173,"M":true,"q":"476.00000000","a":4756308,"T":1594794750739,"p":"0.00000672","f":6194173},{"m":false,"l":6194175,"M":true,"q":"7791.00000000","a":4756309,"T":1594794750739,"p":"0.00000673","f":6194174},{"m":false,"l":6194179,"M":true,"q":"28770.00000000","a":4756310,"T":1594794750739,"p":"0.00000674","f":6194176},{"m":false,"l":6194180,"M":true,"q":"102.00000000","a":4756311,"T":1594794760914,"p":"0.00000675","f":6194180},{"m":false,"l":6194181,"M":true,"q":"16.00000000","a":4756312,"T":1594794762269,"p":"0.00000676","f":6194181},{"m":false,"l":6194182,"M":true,"q":"971.00000000","a":4756313,"T":1594794762269,"p":"0.00000677","f":6194182},{"m":false,"l":6194189,"M":true,"q":"1028.00000000","a":4756314,"T":1594794762269,"p":"0.00000678","f":6194183},{"m":true,"l":6194190,"M":true,"q":"1620.00000000","a":4756315,"T":1594794762352,"p":"0.00000678","f":6194190},{"m":false,"l":6194191,"M":true,"q":"5.00000000","a":4756316,"T":1594794762391,"p":"0.00000679","f":6194191},{"m":true,"l":6194193,"M":true,"q":"2660.00000000","a":4756317,"T":1594794762477,"p":"0.00000678","f":6194192},{"m":true,"l":6194195,"M":true,"q":"1760.00000000","a":4756318,"T":1594794762482,"p":"0.00000678","f":6194194},{"m":true,"l":6194198,"M":true,"q":"2725.00000000","a":4756319,"T":1594794762506,"p":"0.00000678","f":6194196},{"m":true,"l":6194199,"M":true,"q":"615.00000000","a":4756320,"T":1594794762575,"p":"0.00000678","f":6194199},{"m":true,"l":6194201,"M":true,"q":"222.00000000","a":4756321,"T":1594794762621,"p":"0.00000678","f":6194200},{"m":true,"l":6194202,"M":true,"q":"433.00000000","a":4756322,"T":1594794762622,"p":"0.00000678","f":6194202},{"m":true,"l":6194204,"M":true,"q":"2531.00000000","a":4756323,"T":1594794762628,"p":"0.00000678","f":6194203},{"m":true,"l":6194206,"M":true,"q":"1620.00000000","a":4756324,"T":1594794762779,"p":"0.00000678","f":6194205},{"m":true,"l":6194207,"M":true,"q":"5548.00000000","a":4756325,"T":1594794763226,"p":"0.00000676","f":6194207},{"m":true,"l":6194208,"M":true,"q":"126.00000000","a":4756326,"T":1594794763317,"p":"0.00000676","f":6194208},{"m":true,"l":6194209,"M":true,"q":"8396.00000000","a":4756327,"T":1594794763317,"p":"0.00000675","f":6194209},{"m":true,"l":6194210,"M":true,"q":"7528.00000000","a":4756328,"T":1594794765474,"p":"0.00000676","f":6194210},{"m":false,"l":6194211,"M":true,"q":"5.00000000","a":4756329,"T":1594794767685,"p":"0.00000678","f":6194211},{"m":true,"l":6194212,"M":true,"q":"20.00000000","a":4756330,"T":1594794770911,"p":"0.00000676","f":6194212},{"m":true,"l":6194213,"M":true,"q":"1688.00000000","a":4756331,"T":1594794772899,"p":"0.00000676","f":6194213},{"m":false,"l":6194214,"M":true,"q":"6152.00000000","a":4756332,"T":1594794773959,"p":"0.00000676","f":6194214},{"m":false,"l":6194215,"M":true,"q":"18.00000000","a":4756333,"T":1594794773959,"p":"0.00000678","f":6194215},{"m":false,"l":6194221,"M":true,"q":"5988.00000000","a":4756334,"T":1594794773959,"p":"0.00000679","f":6194216},{"m":false,"l":6194227,"M":true,"q":"18675.00000000","a":4756335,"T":1594794773959,"p":"0.00000680","f":6194222},{"m":false,"l":6194229,"M":true,"q":"672.00000000","a":4756336,"T":1594794773959,"p":"0.00000681","f":6194228},{"m":false,"l":6194232,"M":true,"q":"571.00000000","a":4756337,"T":1594794773959,"p":"0.00000682","f":6194230},{"m":false,"l":6194235,"M":true,"q":"952.00000000","a":4756338,"T":1594794773959,"p":"0.00000683","f":6194233},{"m":false,"l":6194237,"M":true,"q":"210.00000000","a":4756339,"T":1594794773959,"p":"0.00000684","f":6194236},{"m":false,"l":6194241,"M":true,"q":"3505.00000000","a":4756340,"T":1594794773959,"p":"0.00000685","f":6194238},{"m":false,"l":6194243,"M":true,"q":"1727.00000000","a":4756341,"T":1594794773959,"p":"0.00000686","f":6194242},{"m":false,"l":6194258,"M":true,"q":"13847.00000000","a":4756342,"T":1594794773959,"p":"0.00000688","f":6194244},{"m":false,"l":6194261,"M":true,"q":"3094.00000000","a":4756343,"T":1594794773959,"p":"0.00000689","f":6194259},{"m":false,"l":6194270,"M":true,"q":"45146.00000000","a":4756344,"T":1594794773959,"p":"0.00000690","f":6194262},{"m":false,"l":6194273,"M":true,"q":"997.00000000","a":4756345,"T":1594794773959,"p":"0.00000691","f":6194271},{"m":false,"l":6194276,"M":true,"q":"2609.00000000","a":4756346,"T":1594794773959,"p":"0.00000692","f":6194274},{"m":false,"l":6194279,"M":true,"q":"770.00000000","a":4756347,"T":1594794773959,"p":"0.00000693","f":6194277},{"m":false,"l":6194283,"M":true,"q":"27020.00000000","a":4756348,"T":1594794773959,"p":"0.00000694","f":6194280},{"m":false,"l":6194287,"M":true,"q":"1601.00000000","a":4756349,"T":1594794773959,"p":"0.00000695","f":6194284},{"m":false,"l":6194292,"M":true,"q":"8238.00000000","a":4756350,"T":1594794773959,"p":"0.00000696","f":6194288},{"m":false,"l":6194295,"M":true,"q":"59207.00000000","a":4756351,"T":1594794773959,"p":"0.00000697","f":6194293},{"m":false,"l":6194296,"M":true,"q":"100.00000000","a":4756352,"T":1594794773959,"p":"0.00000698","f":6194296},{"m":false,"l":6194301,"M":true,"q":"7002.00000000","a":4756353,"T":1594794773959,"p":"0.00000699","f":6194297},{"m":false,"l":6194307,"M":true,"q":"20002.00000000","a":4756354,"T":1594794773959,"p":"0.00000700","f":6194302},{"m":true,"l":6194308,"M":true,"q":"3239.00000000","a":4756355,"T":1594794774023,"p":"0.00000680","f":6194308},{"m":true,"l":6194310,"M":true,"q":"3239.00000000","a":4756356,"T":1594794774025,"p":"0.00000680","f":6194309},{"m":true,"l":6194311,"M":true,"q":"201.00000000","a":4756357,"T":1594794774025,"p":"0.00000680","f":6194311},{"m":false,"l":6194312,"M":true,"q":"1434.00000000","a":4756358,"T":1594794774035,"p":"0.00000680","f":6194312},{"m":true,"l":6194313,"M":true,"q":"1493.00000000","a":4756359,"T":1594794774035,"p":"0.00000682","f":6194313},{"m":true,"l":6194314,"M":true,"q":"36.00000000","a":4756360,"T":1594794774082,"p":"0.00000683","f":6194314},{"m":true,"l":6194315,"M":true,"q":"616.00000000","a":4756361,"T":1594794774090,"p":"0.00000684","f":6194315},{"m":true,"l":6194316,"M":true,"q":"18.00000000","a":4756362,"T":1594794774090,"p":"0.00000683","f":6194316},{"m":true,"l":6194317,"M":true,"q":"580.00000000","a":4756363,"T":1594794774092,"p":"0.00000683","f":6194317},{"m":true,"l":6194319,"M":true,"q":"636.00000000","a":4756364,"T":1594794774095,"p":"0.00000682","f":6194318},{"m":true,"l":6194321,"M":true,"q":"1269.00000000","a":4756365,"T":1594794774095,"p":"0.00000682","f":6194320},{"m":true,"l":6194323,"M":true,"q":"1271.00000000","a":4756366,"T":1594794774134,"p":"0.00000681","f":6194322},{"m":true,"l":6194325,"M":true,"q":"1274.00000000","a":4756367,"T":1594794774134,"p":"0.00000680","f":6194324},{"m":true,"l":6194326,"M":true,"q":"470.00000000","a":4756368,"T":1594794774235,"p":"0.00000680","f":6194326},{"m":true,"l":6194327,"M":true,"q":"165.00000000","a":4756369,"T":1594794774310,"p":"0.00000680","f":6194327},{"m":true,"l":6194328,"M":true,"q":"1191.00000000","a":4756370,"T":1594794774310,"p":"0.00000679","f":6194328},{"m":true,"l":6194329,"M":true,"q":"1232.00000000","a":4756371,"T":1594794774329,"p":"0.00000679","f":6194329},{"m":false,"l":6194331,"M":true,"q":"1887.00000000","a":4756372,"T":1594794775360,"p":"0.00000681","f":6194330},{"m":false,"l":6194333,"M":true,"q":"1562.00000000","a":4756373,"T":1594794775360,"p":"0.00000682","f":6194332},{"m":false,"l":6194334,"M":true,"q":"453.00000000","a":4756374,"T":1594794775360,"p":"0.00000683","f":6194334},{"m":false,"l":6194335,"M":true,"q":"616.00000000","a":4756375,"T":1594794775360,"p":"0.00000684","f":6194335},{"m":false,"l":6194338,"M":true,"q":"7316.00000000","a":4756376,"T":1594794775360,"p":"0.00000686","f":6194336},{"m":true,"l":6194339,"M":true,"q":"5094.00000000","a":4756377,"T":1594794775368,"p":"0.00000686","f":6194339},{"m":true,"l":6194340,"M":true,"q":"5094.00000000","a":4756378,"T":1594794775369,"p":"0.00000686","f":6194340},{"m":true,"l":6194341,"M":true,"q":"5094.00000000","a":4756379,"T":1594794775369,"p":"0.00000686","f":6194341},{"m":true,"l":6194342,"M":true,"q":"5094.00000000","a":4756380,"T":1594794775369,"p":"0.00000686","f":6194342},{"m":true,"l":6194343,"M":true,"q":"5094.00000000","a":4756381,"T":1594794775369,"p":"0.00000686","f":6194343},{"m":true,"l":6194344,"M":true,"q":"36.00000000","a":4756382,"T":1594794775372,"p":"0.00000686","f":6194344},{"m":true,"l":6194345,"M":true,"q":"1397.00000000","a":4756383,"T":1594794775376,"p":"0.00000686","f":6194345},{"m":true,"l":6194346,"M":true,"q":"1497.00000000","a":4756384,"T":1594794775377,"p":"0.00000686","f":6194346},{"m":true,"l":6194347,"M":true,"q":"1902.00000000","a":4756385,"T":1594794775383,"p":"0.00000686","f":6194347},{"m":true,"l":6194349,"M":true,"q":"410.00000000","a":4756386,"T":1594794775410,"p":"0.00000686","f":6194348},{"m":true,"l":6194350,"M":true,"q":"4946.00000000","a":4756387,"T":1594794775438,"p":"0.00000686","f":6194350},{"m":false,"l":6194351,"M":true,"q":"616.00000000","a":4756388,"T":1594794775441,"p":"0.00000687","f":6194351},{"m":false,"l":6194352,"M":true,"q":"466.00000000","a":4756389,"T":1594794775441,"p":"0.00000689","f":6194352},{"m":true,"l":6194353,"M":true,"q":"3439.00000000","a":4756390,"T":1594794775445,"p":"0.00000686","f":6194353},{"m":false,"l":6194354,"M":true,"q":"2921.00000000","a":4756391,"T":1594794775445,"p":"0.00000689","f":6194354},{"m":false,"l":6194356,"M":true,"q":"1417.00000000","a":4756392,"T":1594794775445,"p":"0.00000690","f":6194355},{"m":false,"l":6194357,"M":true,"q":"717.00000000","a":4756393,"T":1594794775445,"p":"0.00000691","f":6194357},{"m":false,"l":6194358,"M":true,"q":"1314.00000000","a":4756394,"T":1594794776189,"p":"0.00000691","f":6194358},{"m":true,"l":6194359,"M":true,"q":"110.00000000","a":4756395,"T":1594794777034,"p":"0.00000690","f":6194359},{"m":true,"l":6194360,"M":true,"q":"9.00000000","a":4756396,"T":1594794777034,"p":"0.00000687","f":6194360},{"m":true,"l":6194361,"M":true,"q":"51.00000000","a":4756397,"T":1594794777156,"p":"0.00000687","f":6194361},{"m":false,"l":6194362,"M":true,"q":"15.00000000","a":4756398,"T":1594794777777,"p":"0.00000690","f":6194362},{"m":false,"l":6194364,"M":true,"q":"8672.00000000","a":4756399,"T":1594794777930,"p":"0.00000690","f":6194363},{"m":false,"l":6194365,"M":true,"q":"7042.00000000","a":4756400,"T":1594794777930,"p":"0.00000691","f":6194365},{"m":false,"l":6194366,"M":true,"q":"218.00000000","a":4756401,"T":1594794778103,"p":"0.00000691","f":6194366},{"m":true,"l":6194367,"M":true,"q":"101.00000000","a":4756402,"T":1594794778381,"p":"0.00000687","f":6194367},{"m":false,"l":6194377,"M":true,"q":"4463.00000000","a":4756403,"T":1594794778757,"p":"0.00000690","f":6194368},{"m":false,"l":6194378,"M":true,"q":"417.00000000","a":4756404,"T":1594794778757,"p":"0.00000691","f":6194378},{"m":false,"l":6194380,"M":true,"q":"1270.00000000","a":4756405,"T":1594794778757,"p":"0.00000692","f":6194379},{"m":true,"l":6194381,"M":true,"q":"2862.00000000","a":4756406,"T":1594794778788,"p":"0.00000692","f":6194381},{"m":true,"l":6194382,"M":true,"q":"855.00000000","a":4756407,"T":1594794778816,"p":"0.00000692","f":6194382},{"m":true,"l":6194384,"M":true,"q":"2551.00000000","a":4756408,"T":1594794778820,"p":"0.00000692","f":6194383},{"m":true,"l":6194385,"M":true,"q":"53.00000000","a":4756409,"T":1594794778872,"p":"0.00000692","f":6194385},{"m":true,"l":6194386,"M":true,"q":"52.00000000","a":4756410,"T":1594794778956,"p":"0.00000692","f":6194386},{"m":true,"l":6194387,"M":true,"q":"490.00000000","a":4756411,"T":1594794778985,"p":"0.00000692","f":6194387},{"m":true,"l":6194388,"M":true,"q":"273.00000000","a":4756412,"T":1594794779420,"p":"0.00000692","f":6194388},{"m":true,"l":6194389,"M":true,"q":"200.00000000","a":4756413,"T":1594794779930,"p":"0.00000692","f":6194389}],[{"m":false,"E":1594795594814,"l":6195418,"M":true,"q":"888.00000000","s":"BLZBTC","a":4757120,"T":1594795594813,"e":"aggTrade","p":"0.00000657","f":6195418},{"m":false,"E":1594795595279,"l":6195419,"M":true,"q":"359.00000000","s":"BLZBTC","a":4757121,"T":1594795595278,"e":"aggTrade","p":"0.00000657","f":6195419},{"m":true,"E":1594795601680,"l":6195420,"M":true,"q":"20.00000000","s":"BLZBTC","a":4757122,"T":1594795601679,"e":"aggTrade","p":"0.00000657","f":6195420},{"m":true,"E":1594795602255,"l":6195421,"M":true,"q":"621.00000000","s":"BLZBTC","a":4757123,"T":1594795602254,"e":"aggTrade","p":"0.00000657","f":6195421},{"m":false,"E":1594795602306,"l":6195422,"M":true,"q":"200.00000000","s":"BLZBTC","a":4757124,"T":1594795602304,"e":"aggTrade","p":"0.00000657","f":6195422},{"m":false,"E":1594795604208,"l":6195423,"M":true,"q":"98.00000000","s":"BLZBTC","a":4757125,"T":1594795604207,"e":"aggTrade","p":"0.00000657","f":6195423},{"m":false,"E":1594795616515,"l":6195424,"M":true,"q":"2000.00000000","s":"BLZBTC","a":4757126,"T":1594795616515,"e":"aggTrade","p":"0.00000657","f":6195424},{"m":false,"E":1594795628441,"l":6195425,"M":true,"q":"76.00000000","s":"BLZBTC","a":4757127,"T":1594795628440,"e":"aggTrade","p":"0.00000657","f":6195425},{"m":false,"E":1594795636373,"l":6195426,"M":true,"q":"7862.00000000","s":"BLZBTC","a":4757128,"T":1594795636371,"e":"aggTrade","p":"0.00000657","f":6195426},{"m":false,"E":1594795636373,"l":6195431,"M":true,"q":"38085.00000000","s":"BLZBTC","a":4757129,"T":1594795636371,"e":"aggTrade","p":"0.00000658","f":6195427},{"m":true,"E":1594795636408,"l":6195432,"M":true,"q":"10369.00000000","s":"BLZBTC","a":4757130,"T":1594795636407,"e":"aggTrade","p":"0.00000658","f":6195432},{"m":true,"E":1594795641674,"l":6195433,"M":true,"q":"500.00000000","s":"BLZBTC","a":4757131,"T":1594795641673,"e":"aggTrade","p":"0.00000657","f":6195433},{"m":true,"E":1594795641674,"l":6195436,"M":true,"q":"6143.00000000","s":"BLZBTC","a":4757132,"T":1594795641673,"e":"aggTrade","p":"0.00000656","f":6195434},{"m":true,"E":1594795641675,"l":6195437,"M":true,"q":"3839.00000000","s":"BLZBTC","a":4757133,"T":1594795641673,"e":"aggTrade","p":"0.00000656","f":6195437},{"m":true,"E":1594795641675,"l":6195441,"M":true,"q":"2804.00000000","s":"BLZBTC","a":4757134,"T":1594795641673,"e":"aggTrade","p":"0.00000655","f":6195438},{"m":true,"E":1594795641701,"l":6195444,"M":true,"q":"6286.00000000","s":"BLZBTC","a":4757135,"T":1594795641699,"e":"aggTrade","p":"0.00000655","f":6195442},{"m":false,"E":1594795641746,"l":6195446,"M":true,"q":"358.00000000","s":"BLZBTC","a":4757136,"T":1594795641744,"e":"aggTrade","p":"0.00000655","f":6195445},{"m":false,"E":1594795646380,"l":6195447,"M":true,"q":"3103.00000000","s":"BLZBTC","a":4757137,"T":1594795646379,"e":"aggTrade","p":"0.00000657","f":6195447},{"m":false,"E":1594795646380,"l":6195448,"M":true,"q":"3540.00000000","s":"BLZBTC","a":4757138,"T":1594795646379,"e":"aggTrade","p":"0.00000658","f":6195448},{"m":false,"E":1594795647447,"l":6195449,"M":true,"q":"6643.00000000","s":"BLZBTC","a":4757139,"T":1594795647446,"e":"aggTrade","p":"0.00000658","f":6195449},{"m":true,"E":1594795649694,"l":6195450,"M":true,"q":"6099.00000000","s":"BLZBTC","a":4757140,"T":1594795649691,"e":"aggTrade","p":"0.00000656","f":6195450},{"m":true,"E":1594795649694,"l":6195454,"M":true,"q":"31707.00000000","s":"BLZBTC","a":4757141,"T":1594795649691,"e":"aggTrade","p":"0.00000654","f":6195451},{"m":true,"E":1594795649694,"l":6195461,"M":true,"q":"128633.00000000","s":"BLZBTC","a":4757142,"T":1594795649691,"e":"aggTrade","p":"0.00000653","f":6195455},{"m":true,"E":1594795649694,"l":6195465,"M":true,"q":"18660.00000000","s":"BLZBTC","a":4757143,"T":1594795649691,"e":"aggTrade","p":"0.00000652","f":6195462},{"m":true,"E":1594795649866,"l":6195467,"M":true,"q":"3745.00000000","s":"BLZBTC","a":4757144,"T":1594795649864,"e":"aggTrade","p":"0.00000653","f":6195466},{"m":true,"E":1594795650550,"l":6195470,"M":true,"q":"3870.00000000","s":"BLZBTC","a":4757145,"T":1594795650548,"e":"aggTrade","p":"0.00000651","f":6195468},{"m":true,"E":1594795650550,"l":6195472,"M":true,"q":"7230.00000000","s":"BLZBTC","a":4757146,"T":1594795650548,"e":"aggTrade","p":"0.00000650","f":6195471},{"m":true,"E":1594795650550,"l":6195473,"M":true,"q":"500.00000000","s":"BLZBTC","a":4757147,"T":1594795650548,"e":"aggTrade","p":"0.00000650","f":6195473},{"m":true,"E":1594795650550,"l":6195474,"M":true,"q":"1005.00000000","s":"BLZBTC","a":4757148,"T":1594795650548,"e":"aggTrade","p":"0.00000650","f":6195474},{"m":true,"E":1594795650550,"l":6195475,"M":true,"q":"582.00000000","s":"BLZBTC","a":4757149,"T":1594795650548,"e":"aggTrade","p":"0.00000650","f":6195475},{"m":true,"E":1594795650551,"l":6195486,"M":true,"q":"13982.00000000","s":"BLZBTC","a":4757150,"T":1594795650548,"e":"aggTrade","p":"0.00000650","f":6195476},{"m":true,"E":1594795650551,"l":6195489,"M":true,"q":"1665.00000000","s":"BLZBTC","a":4757151,"T":1594795650548,"e":"aggTrade","p":"0.00000649","f":6195487},{"m":true,"E":1594795650551,"l":6195490,"M":true,"q":"10602.00000000","s":"BLZBTC","a":4757152,"T":1594795650548,"e":"aggTrade","p":"0.00000649","f":6195490},{"m":true,"E":1594795650551,"l":6195493,"M":true,"q":"2532.00000000","s":"BLZBTC","a":4757153,"T":1594795650548,"e":"aggTrade","p":"0.00000648","f":6195491},{"m":true,"E":1594795650552,"l":6195494,"M":true,"q":"3070.00000000","s":"BLZBTC","a":4757154,"T":1594795650548,"e":"aggTrade","p":"0.00000648","f":6195494},{"m":true,"E":1594795650552,"l":6195496,"M":true,"q":"1680.00000000","s":"BLZBTC","a":4757155,"T":1594795650548,"e":"aggTrade","p":"0.00000647","f":6195495},{"m":true,"E":1594795650552,"l":6195502,"M":true,"q":"12065.00000000","s":"BLZBTC","a":4757156,"T":1594795650548,"e":"aggTrade","p":"0.00000647","f":6195497},{"m":false,"E":1594795650559,"l":6195503,"M":true,"q":"1298.00000000","s":"BLZBTC","a":4757157,"T":1594795650557,"e":"aggTrade","p":"0.00000649","f":6195503},{"m":false,"E":1594795650559,"l":6195504,"M":true,"q":"1298.00000000","s":"BLZBTC","a":4757158,"T":1594795650558,"e":"aggTrade","p":"0.00000649","f":6195504},{"m":false,"E":1594795650559,"l":6195505,"M":true,"q":"1298.00000000","s":"BLZBTC","a":4757159,"T":1594795650558,"e":"aggTrade","p":"0.00000649","f":6195505},{"m":false,"E":1594795650559,"l":6195506,"M":true,"q":"1298.00000000","s":"BLZBTC","a":4757160,"T":1594795650558,"e":"aggTrade","p":"0.00000649","f":6195506},{"m":false,"E":1594795650559,"l":6195507,"M":true,"q":"730.00000000","s":"BLZBTC","a":4757161,"T":1594795650558,"e":"aggTrade","p":"0.00000649","f":6195507},{"m":false,"E":1594795650559,"l":6195508,"M":true,"q":"568.00000000","s":"BLZBTC","a":4757162,"T":1594795650558,"e":"aggTrade","p":"0.00000650","f":6195508},{"m":false,"E":1594795650560,"l":6195509,"M":true,"q":"730.00000000","s":"BLZBTC","a":4757163,"T":1594795650558,"e":"aggTrade","p":"0.00000650","f":6195509},{"m":false,"E":1594795650629,"l":6195510,"M":true,"q":"4120.00000000","s":"BLZBTC","a":4757164,"T":1594795650628,"e":"aggTrade","p":"0.00000651","f":6195510},{"m":false,"E":1594795650637,"l":6195511,"M":true,"q":"2000.00000000","s":"BLZBTC","a":4757165,"T":1594795650636,"e":"aggTrade","p":"0.00000651","f":6195511},{"m":true,"E":1594795650661,"l":6195512,"M":true,"q":"3302.00000000","s":"BLZBTC","a":4757166,"T":1594795650659,"e":"aggTrade","p":"0.00000650","f":6195512},{"m":true,"E":1594795650661,"l":6195514,"M":true,"q":"1998.00000000","s":"BLZBTC","a":4757167,"T":1594795650659,"e":"aggTrade","p":"0.00000647","f":6195513},{"m":true,"E":1594795650661,"l":6195517,"M":true,"q":"618.00000000","s":"BLZBTC","a":4757168,"T":1594795650659,"e":"aggTrade","p":"0.00000646","f":6195515},{"m":true,"E":1594795650713,"l":6195519,"M":true,"q":"316.00000000","s":"BLZBTC","a":4757169,"T":1594795650711,"e":"aggTrade","p":"0.00000646","f":6195518},{"m":false,"E":1594795650922,"l":6195520,"M":true,"q":"207.00000000","s":"BLZBTC","a":4757170,"T":1594795650920,"e":"aggTrade","p":"0.00000650","f":6195520},{"m":false,"E":1594795651137,"l":6195522,"M":true,"q":"4350.00000000","s":"BLZBTC","a":4757171,"T":1594795651136,"e":"aggTrade","p":"0.00000650","f":6195521},{"m":false,"E":1594795651368,"l":6195523,"M":true,"q":"4.00000000","s":"BLZBTC","a":4757172,"T":1594795651367,"e":"aggTrade","p":"0.00000650","f":6195523},{"m":false,"E":1594795652023,"l":6195524,"M":true,"q":"3452.00000000","s":"BLZBTC","a":4757173,"T":1594795652022,"e":"aggTrade","p":"0.00000649","f":6195524},{"m":false,"E":1594795652049,"l":6195525,"M":true,"q":"2647.00000000","s":"BLZBTC","a":4757174,"T":1594795652048,"e":"aggTrade","p":"0.00000649","f":6195525},{"m":true,"E":1594795652679,"l":6195527,"M":true,"q":"54.00000000","s":"BLZBTC","a":4757175,"T":1594795652678,"e":"aggTrade","p":"0.00000649","f":6195526},{"m":true,"E":1594795653033,"l":6195528,"M":true,"q":"3118.00000000","s":"BLZBTC","a":4757176,"T":1594795653032,"e":"aggTrade","p":"0.00000649","f":6195528},{"m":true,"E":1594795653149,"l":6195529,"M":true,"q":"207.00000000","s":"BLZBTC","a":4757177,"T":1594795653148,"e":"aggTrade","p":"0.00000649","f":6195529},{"m":false,"E":1594795653231,"l":6195530,"M":true,"q":"7988.00000000","s":"BLZBTC","a":4757178,"T":1594795653230,"e":"aggTrade","p":"0.00000648","f":6195530},{"m":false,"E":1594795653233,"l":6195532,"M":true,"q":"7609.00000000","s":"BLZBTC","a":4757179,"T":1594795653232,"e":"aggTrade","p":"0.00000648","f":6195531},{"m":false,"E":1594795653249,"l":6195534,"M":true,"q":"2628.00000000","s":"BLZBTC","a":4757180,"T":1594795653248,"e":"aggTrade","p":"0.00000648","f":6195533},{"m":false,"E":1594795653255,"l":6195536,"M":true,"q":"8109.00000000","s":"BLZBTC","a":4757181,"T":1594795653254,"e":"aggTrade","p":"0.00000648","f":6195535},{"m":false,"E":1594795653257,"l":6195538,"M":true,"q":"7988.00000000","s":"BLZBTC","a":4757182,"T":1594795653256,"e":"aggTrade","p":"0.00000648","f":6195537},{"m":false,"E":1594795653274,"l":6195539,"M":true,"q":"4840.00000000","s":"BLZBTC","a":4757183,"T":1594795653273,"e":"aggTrade","p":"0.00000648","f":6195539},{"m":false,"E":1594795653284,"l":6195541,"M":true,"q":"6982.00000000","s":"BLZBTC","a":4757184,"T":1594795653283,"e":"aggTrade","p":"0.00000648","f":6195540},{"m":false,"E":1594795653734,"l":6195542,"M":true,"q":"2355.00000000","s":"BLZBTC","a":4757185,"T":1594795653733,"e":"aggTrade","p":"0.00000648","f":6195542},{"m":false,"E":1594795653790,"l":6195544,"M":true,"q":"1578.00000000","s":"BLZBTC","a":4757186,"T":1594795653789,"e":"aggTrade","p":"0.00000648","f":6195543},{"m":false,"E":1594795653832,"l":6195545,"M":true,"q":"5572.00000000","s":"BLZBTC","a":4757187,"T":1594795653831,"e":"aggTrade","p":"0.00000648","f":6195545},{"m":false,"E":1594795654095,"l":6195546,"M":true,"q":"113.00000000","s":"BLZBTC","a":4757188,"T":1594795654094,"e":"aggTrade","p":"0.00000648","f":6195546},{"m":false,"E":1594795654365,"l":6195550,"M":true,"q":"25114.00000000","s":"BLZBTC","a":4757189,"T":1594795654364,"e":"aggTrade","p":"0.00000648","f":6195547},{"m":false,"E":1594795654970,"l":6195551,"M":true,"q":"1133.00000000","s":"BLZBTC","a":4757190,"T":1594795654969,"e":"aggTrade","p":"0.00000650","f":6195551},{"m":true,"E":1594795655291,"l":6195552,"M":true,"q":"2000.00000000","s":"BLZBTC","a":4757191,"T":1594795655290,"e":"aggTrade","p":"0.00000648","f":6195552},{"m":true,"E":1594795656280,"l":6195553,"M":true,"q":"720.00000000","s":"BLZBTC","a":4757192,"T":1594795656279,"e":"aggTrade","p":"0.00000648","f":6195553},{"m":true,"E":1594795659556,"l":6195556,"M":true,"q":"11689.00000000","s":"BLZBTC","a":4757193,"T":1594795659555,"e":"aggTrade","p":"0.00000648","f":6195554},{"m":false,"E":1594795660059,"l":6195558,"M":true,"q":"13859.00000000","s":"BLZBTC","a":4757194,"T":1594795660058,"e":"aggTrade","p":"0.00000649","f":6195557},{"m":true,"E":1594795660930,"l":6195559,"M":true,"q":"20.00000000","s":"BLZBTC","a":4757195,"T":1594795660929,"e":"aggTrade","p":"0.00000648","f":6195559},{"m":false,"E":1594795660973,"l":6195560,"M":true,"q":"2000.00000000","s":"BLZBTC","a":4757196,"T":1594795660972,"e":"aggTrade","p":"0.00000649","f":6195560},{"m":false,"E":1594795661854,"l":6195561,"M":true,"q":"3194.00000000","s":"BLZBTC","a":4757197,"T":1594795661853,"e":"aggTrade","p":"0.00000649","f":6195561},{"m":false,"E":1594795662990,"l":6195562,"M":true,"q":"31.00000000","s":"BLZBTC","a":4757198,"T":1594795662988,"e":"aggTrade","p":"0.00000649","f":6195562},{"m":false,"E":1594795663101,"l":6195563,"M":true,"q":"685.00000000","s":"BLZBTC","a":4757199,"T":1594795663099,"e":"aggTrade","p":"0.00000649","f":6195563},{"m":true,"E":1594795663703,"l":6195564,"M":true,"q":"126.00000000","s":"BLZBTC","a":4757200,"T":1594795663702,"e":"aggTrade","p":"0.00000649","f":6195564},{"m":false,"E":1594795664417,"l":6195565,"M":true,"q":"25.00000000","s":"BLZBTC","a":4757201,"T":1594795664416,"e":"aggTrade","p":"0.00000649","f":6195565},{"m":false,"E":1594795664666,"l":6195566,"M":true,"q":"1896.00000000","s":"BLZBTC","a":4757202,"T":1594795664665,"e":"aggTrade","p":"0.00000649","f":6195566},{"m":false,"E":1594795666484,"l":6195567,"M":true,"q":"177.00000000","s":"BLZBTC","a":4757203,"T":1594795666483,"e":"aggTrade","p":"0.00000650","f":6195567},{"m":false,"E":1594795668206,"l":6195568,"M":true,"q":"13373.00000000","s":"BLZBTC","a":4757204,"T":1594795668205,"e":"aggTrade","p":"0.00000650","f":6195568},{"m":false,"E":1594795668206,"l":6195569,"M":true,"q":"22583.00000000","s":"BLZBTC","a":4757205,"T":1594795668205,"e":"aggTrade","p":"0.00000651","f":6195569},{"m":false,"E":1594795668917,"l":6195570,"M":true,"q":"847.00000000","s":"BLZBTC","a":4757206,"T":1594795668916,"e":"aggTrade","p":"0.00000650","f":6195570},{"m":false,"E":1594795669865,"l":6195571,"M":true,"q":"104.00000000","s":"BLZBTC","a":4757207,"T":1594795669863,"e":"aggTrade","p":"0.00000650","f":6195571},{"m":false,"E":1594795670037,"l":6195573,"M":true,"q":"10452.00000000","s":"BLZBTC","a":4757208,"T":1594795670036,"e":"aggTrade","p":"0.00000650","f":6195572},{"m":true,"E":1594795672662,"l":6195574,"M":true,"q":"16.00000000","s":"BLZBTC","a":4757209,"T":1594795672660,"e":"aggTrade","p":"0.00000649","f":6195574},{"m":false,"E":1594795673201,"l":6195575,"M":true,"q":"37.00000000","s":"BLZBTC","a":4757210,"T":1594795673200,"e":"aggTrade","p":"0.00000650","f":6195575},{"m":false,"E":1594795673627,"l":6195576,"M":true,"q":"17.00000000","s":"BLZBTC","a":4757211,"T":1594795673626,"e":"aggTrade","p":"0.00000650","f":6195576},{"m":false,"E":1594795674011,"l":6195577,"M":true,"q":"17.00000000","s":"BLZBTC","a":4757212,"T":1594795674009,"e":"aggTrade","p":"0.00000650","f":6195577},{"m":true,"E":1594795675521,"l":6195578,"M":true,"q":"10010.00000000","s":"BLZBTC","a":4757213,"T":1594795675519,"e":"aggTrade","p":"0.00000649","f":6195578},{"m":false,"E":1594795675962,"l":6195579,"M":true,"q":"6620.00000000","s":"BLZBTC","a":4757214,"T":1594795675961,"e":"aggTrade","p":"0.00000650","f":6195579},{"m":false,"E":1594795675996,"l":6195581,"M":true,"q":"3077.00000000","s":"BLZBTC","a":4757215,"T":1594795675995,"e":"aggTrade","p":"0.00000650","f":6195580},{"m":false,"E":1594795677098,"l":6195582,"M":true,"q":"5.00000000","s":"BLZBTC","a":4757216,"T":1594795677097,"e":"aggTrade","p":"0.00000650","f":6195582},{"m":false,"E":1594795677305,"l":6195584,"M":true,"q":"10750.00000000","s":"BLZBTC","a":4757217,"T":1594795677304,"e":"aggTrade","p":"0.00000650","f":6195583},{"m":false,"E":1594795677388,"l":6195585,"M":true,"q":"4510.00000000","s":"BLZBTC","a":4757218,"T":1594795677386,"e":"aggTrade","p":"0.00000650","f":6195585},{"m":false,"E":1594795677504,"l":6195586,"M":true,"q":"9015.00000000","s":"BLZBTC","a":4757219,"T":1594795677503,"e":"aggTrade","p":"0.00000650","f":6195586},{"m":true,"E":1594795678471,"l":6195587,"M":true,"q":"1740.00000000","s":"BLZBTC","a":4757220,"T":1594795678469,"e":"aggTrade","p":"0.00000650","f":6195587},{"m":false,"E":1594795678684,"l":6195588,"M":true,"q":"2518.00000000","s":"BLZBTC","a":4757221,"T":1594795678683,"e":"aggTrade","p":"0.00000651","f":6195588},{"m":true,"E":1594795679648,"l":6195589,"M":true,"q":"6923.00000000","s":"BLZBTC","a":4757222,"T":1594795679647,"e":"aggTrade","p":"0.00000650","f":6195589},{"m":false,"E":1594795679672,"l":6195590,"M":true,"q":"1828.00000000","s":"BLZBTC","a":4757223,"T":1594795679671,"e":"aggTrade","p":"0.00000650","f":6195590},{"m":false,"E":1594795679692,"l":6195591,"M":true,"q":"4.00000000","s":"BLZBTC","a":4757224,"T":1594795679691,"e":"aggTrade","p":"0.00000651","f":6195591},{"m":false,"E":1594795680830,"l":6195592,"M":true,"q":"17.00000000","s":"BLZBTC","a":4757225,"T":1594795680829,"e":"aggTrade","p":"0.00000650","f":6195592},{"m":false,"E":1594795680830,"l":6195593,"M":true,"q":"11962.00000000","s":"BLZBTC","a":4757226,"T":1594795680829,"e":"aggTrade","p":"0.00000651","f":6195593},{"m":true,"E":1594795681105,"l":6195594,"M":true,"q":"207.00000000","s":"BLZBTC","a":4757227,"T":1594795681104,"e":"aggTrade","p":"0.00000650","f":6195594},{"m":false,"E":1594795681367,"l":6195595,"M":true,"q":"80.00000000","s":"BLZBTC","a":4757228,"T":1594795681366,"e":"aggTrade","p":"0.00000651","f":6195595},{"m":false,"E":1594795682062,"l":6195596,"M":true,"q":"80.00000000","s":"BLZBTC","a":4757229,"T":1594795682061,"e":"aggTrade","p":"0.00000651","f":6195596},{"m":true,"E":1594795684886,"l":6195598,"M":true,"q":"9142.00000000","s":"BLZBTC","a":4757230,"T":1594795684885,"e":"aggTrade","p":"0.00000650","f":6195597},{"m":false,"E":1594795686741,"l":6195599,"M":true,"q":"3194.00000000","s":"BLZBTC","a":4757231,"T":1594795686740,"e":"aggTrade","p":"0.00000651","f":6195599},{"m":true,"E":1594795686778,"l":6195600,"M":true,"q":"3564.00000000","s":"BLZBTC","a":4757232,"T":1594795686776,"e":"aggTrade","p":"0.00000651","f":6195600},{"m":true,"E":1594795686778,"l":6195601,"M":true,"q":"1717.00000000","s":"BLZBTC","a":4757233,"T":1594795686777,"e":"aggTrade","p":"0.00000651","f":6195601},{"m":false,"E":1594795687363,"l":6195604,"M":true,"q":"2098.00000000","s":"BLZBTC","a":4757234,"T":1594795687362,"e":"aggTrade","p":"0.00000652","f":6195602},{"m":false,"E":1594795687447,"l":6195608,"M":true,"q":"2198.00000000","s":"BLZBTC","a":4757235,"T":1594795687446,"e":"aggTrade","p":"0.00000653","f":6195605},{"m":false,"E":1594795687447,"l":6195610,"M":true,"q":"4917.00000000","s":"BLZBTC","a":4757236,"T":1594795687446,"e":"aggTrade","p":"0.00000654","f":6195609},{"m":true,"E":1594795687479,"l":6195611,"M":true,"q":"391.00000000","s":"BLZBTC","a":4757237,"T":1594795687478,"e":"aggTrade","p":"0.00000654","f":6195611},{"m":false,"E":1594795687582,"l":6195612,"M":true,"q":"642.00000000","s":"BLZBTC","a":4757238,"T":1594795687580,"e":"aggTrade","p":"0.00000655","f":6195612},{"m":false,"E":1594795687582,"l":6195613,"M":true,"q":"608.00000000","s":"BLZBTC","a":4757239,"T":1594795687580,"e":"aggTrade","p":"0.00000656","f":6195613},{"m":true,"E":1594795688012,"l":6195614,"M":true,"q":"2000.00000000","s":"BLZBTC","a":4757240,"T":1594795688011,"e":"aggTrade","p":"0.00000655","f":6195614},{"m":true,"E":1594795692775,"l":6195615,"M":true,"q":"176.00000000","s":"BLZBTC","a":4757241,"T":1594795692773,"e":"aggTrade","p":"0.00000657","f":6195615},{"m":true,"E":1594795694158,"l":6195616,"M":true,"q":"24.00000000","s":"BLZBTC","a":4757242,"T":1594795694156,"e":"aggTrade","p":"0.00000657","f":6195616},{"m":false,"E":1594795698729,"l":6195617,"M":true,"q":"24.00000000","s":"BLZBTC","a":4757243,"T":1594795698728,"e":"aggTrade","p":"0.00000658","f":6195617},{"m":false,"E":1594795698729,"l":6195619,"M":true,"q":"1008.00000000","s":"BLZBTC","a":4757244,"T":1594795698728,"e":"aggTrade","p":"0.00000659","f":6195618},{"m":false,"E":1594795698729,"l":6195623,"M":true,"q":"1461.00000000","s":"BLZBTC","a":4757245,"T":1594795698728,"e":"aggTrade","p":"0.00000660","f":6195620},{"m":true,"E":1594795700259,"l":6195624,"M":true,"q":"5000.00000000","s":"BLZBTC","a":4757246,"T":1594795700258,"e":"aggTrade","p":"0.00000657","f":6195624},{"m":false,"E":1594795705974,"l":6195625,"M":true,"q":"19.00000000","s":"BLZBTC","a":4757247,"T":1594795705973,"e":"aggTrade","p":"0.00000659","f":6195625},{"m":false,"E":1594795705974,"l":6195626,"M":true,"q":"167.00000000","s":"BLZBTC","a":4757248,"T":1594795705973,"e":"aggTrade","p":"0.00000660","f":6195626},{"m":false,"E":1594795710402,"l":6195627,"M":true,"q":"177.00000000","s":"BLZBTC","a":4757249,"T":1594795710401,"e":"aggTrade","p":"0.00000660","f":6195627},{"m":false,"E":1594795711574,"l":6195629,"M":true,"q":"10486.00000000","s":"BLZBTC","a":4757250,"T":1594795711573,"e":"aggTrade","p":"0.00000659","f":6195628},{"m":false,"E":1594795711574,"l":6195630,"M":true,"q":"12947.00000000","s":"BLZBTC","a":4757251,"T":1594795711573,"e":"aggTrade","p":"0.00000660","f":6195630}],[{"m":false,"E":1594796264437,"l":6196158,"M":true,"q":"5421.00000000","s":"BLZBTC","a":4757668,"T":1594796264435,"e":"aggTrade","p":"0.00000672","f":6196155},{"m":true,"E":1594796264939,"l":6196159,"M":true,"q":"752.00000000","s":"BLZBTC","a":4757669,"T":1594796264938,"e":"aggTrade","p":"0.00000669","f":6196159},{"m":false,"E":1594796265506,"l":6196160,"M":true,"q":"744.00000000","s":"BLZBTC","a":4757670,"T":1594796265504,"e":"aggTrade","p":"0.00000672","f":6196160},{"m":false,"E":1594796265946,"l":6196164,"M":true,"q":"12457.00000000","s":"BLZBTC","a":4757671,"T":1594796265943,"e":"aggTrade","p":"0.00000672","f":6196161},{"m":false,"E":1594796265946,"l":6196170,"M":true,"q":"2658.00000000","s":"BLZBTC","a":4757672,"T":1594796265943,"e":"aggTrade","p":"0.00000673","f":6196165},{"m":false,"E":1594796265946,"l":6196173,"M":true,"q":"3919.00000000","s":"BLZBTC","a":4757673,"T":1594796265943,"e":"aggTrade","p":"0.00000674","f":6196171},{"m":false,"E":1594796268743,"l":6196174,"M":true,"q":"5845.00000000","s":"BLZBTC","a":4757674,"T":1594796268742,"e":"aggTrade","p":"0.00000672","f":6196174},{"m":true,"E":1594796269317,"l":6196175,"M":true,"q":"6592.00000000","s":"BLZBTC","a":4757675,"T":1594796269316,"e":"aggTrade","p":"0.00000671","f":6196175},{"m":true,"E":1594796270585,"l":6196176,"M":true,"q":"20.00000000","s":"BLZBTC","a":4757676,"T":1594796270584,"e":"aggTrade","p":"0.00000671","f":6196176},{"m":false,"E":1594796272425,"l":6196177,"M":true,"q":"621.00000000","s":"BLZBTC","a":4757677,"T":1594796272424,"e":"aggTrade","p":"0.00000672","f":6196177},{"m":false,"E":1594796274492,"l":6196178,"M":true,"q":"68.00000000","s":"BLZBTC","a":4757678,"T":1594796274491,"e":"aggTrade","p":"0.00000672","f":6196178},{"m":false,"E":1594796274492,"l":6196180,"M":true,"q":"33.00000000","s":"BLZBTC","a":4757679,"T":1594796274491,"e":"aggTrade","p":"0.00000673","f":6196179},{"m":false,"E":1594796276268,"l":6196181,"M":true,"q":"4.00000000","s":"BLZBTC","a":4757680,"T":1594796276267,"e":"aggTrade","p":"0.00000673","f":6196181},{"m":false,"E":1594796276500,"l":6196183,"M":true,"q":"4455.00000000","s":"BLZBTC","a":4757681,"T":1594796276499,"e":"aggTrade","p":"0.00000673","f":6196182},{"m":false,"E":1594796276510,"l":6196184,"M":true,"q":"18.00000000","s":"BLZBTC","a":4757682,"T":1594796276509,"e":"aggTrade","p":"0.00000674","f":6196184},{"m":false,"E":1594796277303,"l":6196192,"M":true,"q":"45012.00000000","s":"BLZBTC","a":4757683,"T":1594796277301,"e":"aggTrade","p":"0.00000674","f":6196185},{"m":false,"E":1594796277498,"l":6196193,"M":true,"q":"1570.00000000","s":"BLZBTC","a":4757684,"T":1594796277497,"e":"aggTrade","p":"0.00000674","f":6196193},{"m":false,"E":1594796278504,"l":6196194,"M":true,"q":"31.00000000","s":"BLZBTC","a":4757685,"T":1594796278503,"e":"aggTrade","p":"0.00000672","f":6196194},{"m":false,"E":1594796279514,"l":6196195,"M":true,"q":"7455.00000000","s":"BLZBTC","a":4757686,"T":1594796279513,"e":"aggTrade","p":"0.00000675","f":6196195},{"m":false,"E":1594796280513,"l":6196196,"M":true,"q":"15.00000000","s":"BLZBTC","a":4757687,"T":1594796280512,"e":"aggTrade","p":"0.00000675","f":6196196},{"m":false,"E":1594796282116,"l":6196197,"M":true,"q":"36667.00000000","s":"BLZBTC","a":4757688,"T":1594796282115,"e":"aggTrade","p":"0.00000675","f":6196197},{"m":false,"E":1594796285163,"l":6196198,"M":true,"q":"33.00000000","s":"BLZBTC","a":4757689,"T":1594796285161,"e":"aggTrade","p":"0.00000674","f":6196198},{"m":false,"E":1594796285229,"l":6196199,"M":true,"q":"1862.00000000","s":"BLZBTC","a":4757690,"T":1594796285228,"e":"aggTrade","p":"0.00000675","f":6196199},{"m":false,"E":1594796285909,"l":6196200,"M":true,"q":"445.00000000","s":"BLZBTC","a":4757691,"T":1594796285908,"e":"aggTrade","p":"0.00000675","f":6196200},{"m":true,"E":1594796286336,"l":6196203,"M":true,"q":"2000.00000000","s":"BLZBTC","a":4757692,"T":1594796286335,"e":"aggTrade","p":"0.00000674","f":6196201},{"m":true,"E":1594796286390,"l":6196204,"M":true,"q":"674.00000000","s":"BLZBTC","a":4757693,"T":1594796286389,"e":"aggTrade","p":"0.00000674","f":6196204},{"m":true,"E":1594796286904,"l":6196205,"M":true,"q":"846.00000000","s":"BLZBTC","a":4757694,"T":1594796286903,"e":"aggTrade","p":"0.00000674","f":6196205},{"m":false,"E":1594796287918,"l":6196206,"M":true,"q":"463.00000000","s":"BLZBTC","a":4757695,"T":1594796287917,"e":"aggTrade","p":"0.00000675","f":6196206},{"m":true,"E":1594796289476,"l":6196207,"M":true,"q":"2826.00000000","s":"BLZBTC","a":4757696,"T":1594796289475,"e":"aggTrade","p":"0.00000674","f":6196207},{"m":true,"E":1594796289601,"l":6196208,"M":true,"q":"1361.00000000","s":"BLZBTC","a":4757697,"T":1594796289600,"e":"aggTrade","p":"0.00000674","f":6196208},{"m":false,"E":1594796289658,"l":6196209,"M":true,"q":"115.00000000","s":"BLZBTC","a":4757698,"T":1594796289657,"e":"aggTrade","p":"0.00000675","f":6196209},{"m":true,"E":1594796291143,"l":6196210,"M":true,"q":"2404.00000000","s":"BLZBTC","a":4757699,"T":1594796291142,"e":"aggTrade","p":"0.00000674","f":6196210},{"m":false,"E":1594796291820,"l":6196211,"M":true,"q":"29577.00000000","s":"BLZBTC","a":4757700,"T":1594796291818,"e":"aggTrade","p":"0.00000675","f":6196211},{"m":false,"E":1594796291821,"l":6196212,"M":true,"q":"29.00000000","s":"BLZBTC","a":4757701,"T":1594796291820,"e":"aggTrade","p":"0.00000675","f":6196212},{"m":false,"E":1594796291880,"l":6196213,"M":true,"q":"7225.00000000","s":"BLZBTC","a":4757702,"T":1594796291879,"e":"aggTrade","p":"0.00000675","f":6196213},{"m":false,"E":1594796294621,"l":6196214,"M":true,"q":"165.00000000","s":"BLZBTC","a":4757703,"T":1594796294620,"e":"aggTrade","p":"0.00000675","f":6196214},{"m":true,"E":1594796297365,"l":6196215,"M":true,"q":"9200.00000000","s":"BLZBTC","a":4757704,"T":1594796297364,"e":"aggTrade","p":"0.00000674","f":6196215},{"m":true,"E":1594796297768,"l":6196218,"M":true,"q":"1896.00000000","s":"BLZBTC","a":4757705,"T":1594796297766,"e":"aggTrade","p":"0.00000674","f":6196216},{"m":false,"E":1594796299642,"l":6196219,"M":true,"q":"5887.00000000","s":"BLZBTC","a":4757706,"T":1594796299641,"e":"aggTrade","p":"0.00000674","f":6196219},{"m":true,"E":1594796301157,"l":6196220,"M":true,"q":"1945.00000000","s":"BLZBTC","a":4757707,"T":1594796301156,"e":"aggTrade","p":"0.00000674","f":6196220},{"m":true,"E":1594796301157,"l":6196221,"M":true,"q":"328.00000000","s":"BLZBTC","a":4757708,"T":1594796301156,"e":"aggTrade","p":"0.00000673","f":6196221},{"m":false,"E":1594796301615,"l":6196222,"M":true,"q":"13800.00000000","s":"BLZBTC","a":4757709,"T":1594796301613,"e":"aggTrade","p":"0.00000675","f":6196222},{"m":false,"E":1594796301654,"l":6196223,"M":true,"q":"28.00000000","s":"BLZBTC","a":4757710,"T":1594796301653,"e":"aggTrade","p":"0.00000675","f":6196223},{"m":true,"E":1594796302238,"l":6196224,"M":true,"q":"122.00000000","s":"BLZBTC","a":4757711,"T":1594796302237,"e":"aggTrade","p":"0.00000673","f":6196224},{"m":false,"E":1594796302672,"l":6196225,"M":true,"q":"5730.00000000","s":"BLZBTC","a":4757712,"T":1594796302671,"e":"aggTrade","p":"0.00000674","f":6196225},{"m":false,"E":1594796302672,"l":6196231,"M":true,"q":"11407.00000000","s":"BLZBTC","a":4757713,"T":1594796302671,"e":"aggTrade","p":"0.00000675","f":6196226},{"m":true,"E":1594796302759,"l":6196232,"M":true,"q":"346.00000000","s":"BLZBTC","a":4757714,"T":1594796302758,"e":"aggTrade","p":"0.00000675","f":6196232},{"m":true,"E":1594796303058,"l":6196233,"M":true,"q":"2817.00000000","s":"BLZBTC","a":4757715,"T":1594796303057,"e":"aggTrade","p":"0.00000675","f":6196233},{"m":false,"E":1594796303689,"l":6196236,"M":true,"q":"552.00000000","s":"BLZBTC","a":4757716,"T":1594796303688,"e":"aggTrade","p":"0.00000676","f":6196234},{"m":false,"E":1594796303834,"l":6196242,"M":true,"q":"39377.00000000","s":"BLZBTC","a":4757717,"T":1594796303831,"e":"aggTrade","p":"0.00000676","f":6196237},{"m":false,"E":1594796303834,"l":6196244,"M":true,"q":"904.00000000","s":"BLZBTC","a":4757718,"T":1594796303831,"e":"aggTrade","p":"0.00000677","f":6196243},{"m":false,"E":1594796303834,"l":6196248,"M":true,"q":"52078.00000000","s":"BLZBTC","a":4757719,"T":1594796303831,"e":"aggTrade","p":"0.00000678","f":6196245},{"m":false,"E":1594796303834,"l":6196253,"M":true,"q":"20596.00000000","s":"BLZBTC","a":4757720,"T":1594796303831,"e":"aggTrade","p":"0.00000679","f":6196249},{"m":false,"E":1594796303834,"l":6196260,"M":true,"q":"43483.00000000","s":"BLZBTC","a":4757721,"T":1594796303831,"e":"aggTrade","p":"0.00000680","f":6196254},{"m":true,"E":1594796303839,"l":6196261,"M":true,"q":"1836.00000000","s":"BLZBTC","a":4757722,"T":1594796303838,"e":"aggTrade","p":"0.00000680","f":6196261},{"m":true,"E":1594796303856,"l":6196262,"M":true,"q":"1245.00000000","s":"BLZBTC","a":4757723,"T":1594796303854,"e":"aggTrade","p":"0.00000677","f":6196262},{"m":false,"E":1594796303873,"l":6196263,"M":true,"q":"188.00000000","s":"BLZBTC","a":4757724,"T":1594796303870,"e":"aggTrade","p":"0.00000679","f":6196263},{"m":false,"E":1594796303873,"l":6196264,"M":true,"q":"463.00000000","s":"BLZBTC","a":4757725,"T":1594796303870,"e":"aggTrade","p":"0.00000680","f":6196264},{"m":false,"E":1594796303873,"l":6196272,"M":true,"q":"1179.00000000","s":"BLZBTC","a":4757726,"T":1594796303870,"e":"aggTrade","p":"0.00000681","f":6196265},{"m":true,"E":1594796303993,"l":6196274,"M":true,"q":"10465.00000000","s":"BLZBTC","a":4757727,"T":1594796303992,"e":"aggTrade","p":"0.00000676","f":6196273},{"m":true,"E":1594796304118,"l":6196275,"M":true,"q":"2098.00000000","s":"BLZBTC","a":4757728,"T":1594796304117,"e":"aggTrade","p":"0.00000676","f":6196275},{"m":true,"E":1594796304789,"l":6196276,"M":true,"q":"663.00000000","s":"BLZBTC","a":4757729,"T":1594796304787,"e":"aggTrade","p":"0.00000676","f":6196276},{"m":true,"E":1594796305224,"l":6196277,"M":true,"q":"1500.00000000","s":"BLZBTC","a":4757730,"T":1594796305223,"e":"aggTrade","p":"0.00000677","f":6196277},{"m":true,"E":1594796305399,"l":6196278,"M":true,"q":"910.00000000","s":"BLZBTC","a":4757731,"T":1594796305397,"e":"aggTrade","p":"0.00000676","f":6196278},{"m":true,"E":1594796305536,"l":6196281,"M":true,"q":"15000.00000000","s":"BLZBTC","a":4757732,"T":1594796305534,"e":"aggTrade","p":"0.00000676","f":6196279},{"m":false,"E":1594796306125,"l":6196282,"M":true,"q":"583.00000000","s":"BLZBTC","a":4757733,"T":1594796306124,"e":"aggTrade","p":"0.00000677","f":6196282},{"m":false,"E":1594796306644,"l":6196283,"M":true,"q":"4.00000000","s":"BLZBTC","a":4757734,"T":1594796306643,"e":"aggTrade","p":"0.00000677","f":6196283},{"m":false,"E":1594796306845,"l":6196284,"M":true,"q":"318.00000000","s":"BLZBTC","a":4757735,"T":1594796306843,"e":"aggTrade","p":"0.00000677","f":6196284},{"m":false,"E":1594796306845,"l":6196285,"M":true,"q":"676.00000000","s":"BLZBTC","a":4757736,"T":1594796306843,"e":"aggTrade","p":"0.00000678","f":6196285},{"m":false,"E":1594796306845,"l":6196286,"M":true,"q":"16.00000000","s":"BLZBTC","a":4757737,"T":1594796306843,"e":"aggTrade","p":"0.00000679","f":6196286},{"m":false,"E":1594796306845,"l":6196289,"M":true,"q":"2338.00000000","s":"BLZBTC","a":4757738,"T":1594796306843,"e":"aggTrade","p":"0.00000681","f":6196287},{"m":false,"E":1594796306845,"l":6196294,"M":true,"q":"30686.00000000","s":"BLZBTC","a":4757739,"T":1594796306843,"e":"aggTrade","p":"0.00000682","f":6196290},{"m":false,"E":1594796306853,"l":6196295,"M":true,"q":"4.00000000","s":"BLZBTC","a":4757740,"T":1594796306852,"e":"aggTrade","p":"0.00000682","f":6196295},{"m":true,"E":1594796307407,"l":6196296,"M":true,"q":"53.00000000","s":"BLZBTC","a":4757741,"T":1594796307406,"e":"aggTrade","p":"0.00000677","f":6196296},{"m":true,"E":1594796307453,"l":6196297,"M":true,"q":"53.00000000","s":"BLZBTC","a":4757742,"T":1594796307452,"e":"aggTrade","p":"0.00000677","f":6196297},{"m":true,"E":1594796308030,"l":6196298,"M":true,"q":"27.00000000","s":"BLZBTC","a":4757743,"T":1594796308029,"e":"aggTrade","p":"0.00000677","f":6196298},{"m":true,"E":1594796308155,"l":6196299,"M":true,"q":"31.00000000","s":"BLZBTC","a":4757744,"T":1594796308154,"e":"aggTrade","p":"0.00000677","f":6196299},{"m":true,"E":1594796308655,"l":6196300,"M":true,"q":"53.00000000","s":"BLZBTC","a":4757745,"T":1594796308654,"e":"aggTrade","p":"0.00000677","f":6196300},{"m":true,"E":1594796308666,"l":6196301,"M":true,"q":"81.00000000","s":"BLZBTC","a":4757746,"T":1594796308665,"e":"aggTrade","p":"0.00000677","f":6196301},{"m":false,"E":1594796308699,"l":6196302,"M":true,"q":"56.00000000","s":"BLZBTC","a":4757747,"T":1594796308698,"e":"aggTrade","p":"0.00000679","f":6196302},{"m":true,"E":1594796308708,"l":6196303,"M":true,"q":"81.00000000","s":"BLZBTC","a":4757748,"T":1594796308707,"e":"aggTrade","p":"0.00000677","f":6196303},{"m":false,"E":1594796309572,"l":6196304,"M":true,"q":"570.00000000","s":"BLZBTC","a":4757749,"T":1594796309571,"e":"aggTrade","p":"0.00000679","f":6196304},{"m":false,"E":1594796309572,"l":6196305,"M":true,"q":"53.00000000","s":"BLZBTC","a":4757750,"T":1594796309571,"e":"aggTrade","p":"0.00000680","f":6196305},{"m":true,"E":1594796309901,"l":6196306,"M":true,"q":"1295.00000000","s":"BLZBTC","a":4757751,"T":1594796309900,"e":"aggTrade","p":"0.00000680","f":6196306},{"m":true,"E":1594796312802,"l":6196307,"M":true,"q":"1076.00000000","s":"BLZBTC","a":4757752,"T":1594796312801,"e":"aggTrade","p":"0.00000680","f":6196307},{"m":true,"E":1594796312803,"l":6196309,"M":true,"q":"1642.00000000","s":"BLZBTC","a":4757753,"T":1594796312802,"e":"aggTrade","p":"0.00000680","f":6196308},{"m":false,"E":1594796313126,"l":6196310,"M":true,"q":"16.00000000","s":"BLZBTC","a":4757754,"T":1594796313125,"e":"aggTrade","p":"0.00000682","f":6196310},{"m":true,"E":1594796313457,"l":6196312,"M":true,"q":"201.00000000","s":"BLZBTC","a":4757755,"T":1594796313456,"e":"aggTrade","p":"0.00000682","f":6196311},{"m":true,"E":1594796315010,"l":6196313,"M":true,"q":"194.00000000","s":"BLZBTC","a":4757756,"T":1594796315009,"e":"aggTrade","p":"0.00000682","f":6196313},{"m":true,"E":1594796315206,"l":6196319,"M":true,"q":"16377.00000000","s":"BLZBTC","a":4757757,"T":1594796315205,"e":"aggTrade","p":"0.00000680","f":6196314},{"m":true,"E":1594796318186,"l":6196321,"M":true,"q":"4265.00000000","s":"BLZBTC","a":4757758,"T":1594796318185,"e":"aggTrade","p":"0.00000680","f":6196320},{"m":false,"E":1594796318342,"l":6196322,"M":true,"q":"413.00000000","s":"BLZBTC","a":4757759,"T":1594796318341,"e":"aggTrade","p":"0.00000682","f":6196322},{"m":false,"E":1594796321390,"l":6196323,"M":true,"q":"516.00000000","s":"BLZBTC","a":4757760,"T":1594796321389,"e":"aggTrade","p":"0.00000682","f":6196323},{"m":true,"E":1594796321501,"l":6196324,"M":true,"q":"280.00000000","s":"BLZBTC","a":4757761,"T":1594796321500,"e":"aggTrade","p":"0.00000682","f":6196324},{"m":false,"E":1594796323676,"l":6196327,"M":true,"q":"309.00000000","s":"BLZBTC","a":4757762,"T":1594796323674,"e":"aggTrade","p":"0.00000683","f":6196325},{"m":false,"E":1594796323676,"l":6196333,"M":true,"q":"8575.00000000","s":"BLZBTC","a":4757763,"T":1594796323674,"e":"aggTrade","p":"0.00000684","f":6196328},{"m":true,"E":1594796323717,"l":6196334,"M":true,"q":"401.00000000","s":"BLZBTC","a":4757764,"T":1594796323716,"e":"aggTrade","p":"0.00000684","f":6196334},{"m":true,"E":1594796323720,"l":6196335,"M":true,"q":"24.00000000","s":"BLZBTC","a":4757765,"T":1594796323719,"e":"aggTrade","p":"0.00000684","f":6196335},{"m":true,"E":1594796324614,"l":6196336,"M":true,"q":"19.00000000","s":"BLZBTC","a":4757766,"T":1594796324612,"e":"aggTrade","p":"0.00000684","f":6196336},{"m":false,"E":1594796325976,"l":6196337,"M":true,"q":"73.00000000","s":"BLZBTC","a":4757767,"T":1594796325975,"e":"aggTrade","p":"0.00000685","f":6196337},{"m":false,"E":1594796328641,"l":6196338,"M":true,"q":"30.00000000","s":"BLZBTC","a":4757768,"T":1594796328640,"e":"aggTrade","p":"0.00000685","f":6196338},{"m":true,"E":1594796329079,"l":6196340,"M":true,"q":"4105.00000000","s":"BLZBTC","a":4757769,"T":1594796329078,"e":"aggTrade","p":"0.00000684","f":6196339},{"m":true,"E":1594796329090,"l":6196341,"M":true,"q":"405.00000000","s":"BLZBTC","a":4757770,"T":1594796329089,"e":"aggTrade","p":"0.00000684","f":6196341},{"m":false,"E":1594796329271,"l":6196342,"M":true,"q":"30.00000000","s":"BLZBTC","a":4757771,"T":1594796329269,"e":"aggTrade","p":"0.00000685","f":6196342},{"m":false,"E":1594796329744,"l":6196343,"M":true,"q":"19.00000000","s":"BLZBTC","a":4757772,"T":1594796329743,"e":"aggTrade","p":"0.00000685","f":6196343},{"m":false,"E":1594796329783,"l":6196344,"M":true,"q":"30.00000000","s":"BLZBTC","a":4757773,"T":1594796329782,"e":"aggTrade","p":"0.00000685","f":6196344},{"m":true,"E":1594796330395,"l":6196346,"M":true,"q":"2475.00000000","s":"BLZBTC","a":4757774,"T":1594796330394,"e":"aggTrade","p":"0.00000684","f":6196345},{"m":false,"E":1594796330545,"l":6196347,"M":true,"q":"30.00000000","s":"BLZBTC","a":4757775,"T":1594796330544,"e":"aggTrade","p":"0.00000685","f":6196347},{"m":false,"E":1594796331302,"l":6196348,"M":true,"q":"73.00000000","s":"BLZBTC","a":4757776,"T":1594796331301,"e":"aggTrade","p":"0.00000685","f":6196348},{"m":false,"E":1594796331696,"l":6196349,"M":true,"q":"44.00000000","s":"BLZBTC","a":4757777,"T":1594796331695,"e":"aggTrade","p":"0.00000685","f":6196349},{"m":false,"E":1594796332467,"l":6196354,"M":true,"q":"4852.00000000","s":"BLZBTC","a":4757778,"T":1594796332466,"e":"aggTrade","p":"0.00000685","f":6196350},{"m":true,"E":1594796334982,"l":6196356,"M":true,"q":"5416.00000000","s":"BLZBTC","a":4757779,"T":1594796334981,"e":"aggTrade","p":"0.00000684","f":6196355},{"m":true,"E":1594796337131,"l":6196358,"M":true,"q":"2478.00000000","s":"BLZBTC","a":4757780,"T":1594796337130,"e":"aggTrade","p":"0.00000684","f":6196357},{"m":false,"E":1594796339952,"l":6196359,"M":true,"q":"5.00000000","s":"BLZBTC","a":4757781,"T":1594796339951,"e":"aggTrade","p":"0.00000684","f":6196359},{"m":true,"E":1594796344443,"l":6196361,"M":true,"q":"8855.00000000","s":"BLZBTC","a":4757782,"T":1594796344442,"e":"aggTrade","p":"0.00000682","f":6196360},{"m":false,"E":1594796344973,"l":6196362,"M":true,"q":"456.00000000","s":"BLZBTC","a":4757783,"T":1594796344972,"e":"aggTrade","p":"0.00000683","f":6196362},{"m":false,"E":1594796344973,"l":6196365,"M":true,"q":"14428.00000000","s":"BLZBTC","a":4757784,"T":1594796344972,"e":"aggTrade","p":"0.00000684","f":6196363},{"m":true,"E":1594796346029,"l":6196366,"M":true,"q":"3531.00000000","s":"BLZBTC","a":4757785,"T":1594796346028,"e":"aggTrade","p":"0.00000682","f":6196366},{"m":true,"E":1594796346029,"l":6196369,"M":true,"q":"15780.00000000","s":"BLZBTC","a":4757786,"T":1594796346028,"e":"aggTrade","p":"0.00000681","f":6196367},{"m":true,"E":1594796346029,"l":6196371,"M":true,"q":"25670.00000000","s":"BLZBTC","a":4757787,"T":1594796346028,"e":"aggTrade","p":"0.00000680","f":6196370},{"m":true,"E":1594796346431,"l":6196372,"M":true,"q":"743.00000000","s":"BLZBTC","a":4757788,"T":1594796346429,"e":"aggTrade","p":"0.00000680","f":6196372},{"m":true,"E":1594796346471,"l":6196373,"M":true,"q":"243.00000000","s":"BLZBTC","a":4757789,"T":1594796346470,"e":"aggTrade","p":"0.00000680","f":6196373},{"m":false,"E":1594796347011,"l":6196374,"M":true,"q":"733.00000000","s":"BLZBTC","a":4757790,"T":1594796347010,"e":"aggTrade","p":"0.00000683","f":6196374},{"m":true,"E":1594796347465,"l":6196375,"M":true,"q":"1615.00000000","s":"BLZBTC","a":4757791,"T":1594796347464,"e":"aggTrade","p":"0.00000680","f":6196375},{"m":true,"E":1594796347791,"l":6196376,"M":true,"q":"16600.00000000","s":"BLZBTC","a":4757792,"T":1594796347790,"e":"aggTrade","p":"0.00000680","f":6196376},{"m":true,"E":1594796348052,"l":6196379,"M":true,"q":"7633.00000000","s":"BLZBTC","a":4757793,"T":1594796348049,"e":"aggTrade","p":"0.00000680","f":6196377},{"m":true,"E":1594796348052,"l":6196389,"M":true,"q":"3097.00000000","s":"BLZBTC","a":4757794,"T":1594796348049,"e":"aggTrade","p":"0.00000678","f":6196380},{"m":true,"E":1594796350579,"l":6196390,"M":true,"q":"10471.00000000","s":"BLZBTC","a":4757795,"T":1594796350578,"e":"aggTrade","p":"0.00000677","f":6196390},{"m":true,"E":1594796350579,"l":6196392,"M":true,"q":"279.00000000","s":"BLZBTC","a":4757796,"T":1594796350578,"e":"aggTrade","p":"0.00000676","f":6196391},{"m":false,"E":1594796352344,"l":6196393,"M":true,"q":"1866.00000000","s":"BLZBTC","a":4757797,"T":1594796352343,"e":"aggTrade","p":"0.00000679","f":6196393},{"m":true,"E":1594796353338,"l":6196394,"M":true,"q":"17695.00000000","s":"BLZBTC","a":4757798,"T":1594796353337,"e":"aggTrade","p":"0.00000678","f":6196394},{"m":true,"E":1594796353338,"l":6196395,"M":true,"q":"5575.00000000","s":"BLZBTC","a":4757799,"T":1594796353337,"e":"aggTrade","p":"0.00000676","f":6196395},{"m":true,"E":1594796353338,"l":6196396,"M":true,"q":"2422.00000000","s":"BLZBTC","a":4757800,"T":1594796353337,"e":"aggTrade","p":"0.00000675","f":6196396},{"m":false,"E":1594796355050,"l":6196397,"M":true,"q":"31.00000000","s":"BLZBTC","a":4757801,"T":1594796355049,"e":"aggTrade","p":"0.00000678","f":6196397},{"m":true,"E":1594796357544,"l":6196398,"M":true,"q":"746.00000000","s":"BLZBTC","a":4757802,"T":1594796357542,"e":"aggTrade","p":"0.00000676","f":6196398},{"m":false,"E":1594796357696,"l":6196399,"M":true,"q":"4.00000000","s":"BLZBTC","a":4757803,"T":1594796357695,"e":"aggTrade","p":"0.00000678","f":6196399},{"m":true,"E":1594796357770,"l":6196400,"M":true,"q":"16.00000000","s":"BLZBTC","a":4757804,"T":1594796357769,"e":"aggTrade","p":"0.00000676","f":6196400},{"m":true,"E":1594796357770,"l":6196401,"M":true,"q":"792.00000000","s":"BLZBTC","a":4757805,"T":1594796357769,"e":"aggTrade","p":"0.00000675","f":6196401},{"m":false,"E":1594796357947,"l":6196402,"M":true,"q":"354.00000000","s":"BLZBTC","a":4757806,"T":1594796357946,"e":"aggTrade","p":"0.00000678","f":6196402},{"m":true,"E":1594796362076,"l":6196403,"M":true,"q":"3933.00000000","s":"BLZBTC","a":4757807,"T":1594796362075,"e":"aggTrade","p":"0.00000675","f":6196403},{"m":false,"E":1594796363856,"l":6196404,"M":true,"q":"464.00000000","s":"BLZBTC","a":4757808,"T":1594796363855,"e":"aggTrade","p":"0.00000678","f":6196404},{"m":true,"E":1594796365095,"l":6196405,"M":true,"q":"151.00000000","s":"BLZBTC","a":4757809,"T":1594796365094,"e":"aggTrade","p":"0.00000677","f":6196405},{"m":true,"E":1594796367967,"l":6196406,"M":true,"q":"291.00000000","s":"BLZBTC","a":4757810,"T":1594796367965,"e":"aggTrade","p":"0.00000677","f":6196406},{"m":false,"E":1594796367977,"l":6196407,"M":true,"q":"155.00000000","s":"BLZBTC","a":4757811,"T":1594796367976,"e":"aggTrade","p":"0.00000678","f":6196407},{"m":true,"E":1594796368875,"l":6196408,"M":true,"q":"282.00000000","s":"BLZBTC","a":4757812,"T":1594796368874,"e":"aggTrade","p":"0.00000677","f":6196408},{"m":true,"E":1594796368910,"l":6196409,"M":true,"q":"380.00000000","s":"BLZBTC","a":4757813,"T":1594796368909,"e":"aggTrade","p":"0.00000677","f":6196409},{"m":false,"E":1594796369016,"l":6196410,"M":true,"q":"1820.00000000","s":"BLZBTC","a":4757814,"T":1594796369015,"e":"aggTrade","p":"0.00000678","f":6196410},{"m":false,"E":1594796369106,"l":6196413,"M":true,"q":"12829.00000000","s":"BLZBTC","a":4757815,"T":1594796369104,"e":"aggTrade","p":"0.00000678","f":6196411},{"m":false,"E":1594796369106,"l":6196414,"M":true,"q":"3342.00000000","s":"BLZBTC","a":4757816,"T":1594796369104,"e":"aggTrade","p":"0.00000679","f":6196414},{"m":false,"E":1594796370092,"l":6196415,"M":true,"q":"4.00000000","s":"BLZBTC","a":4757817,"T":1594796370091,"e":"aggTrade","p":"0.00000679","f":6196415},{"m":false,"E":1594796370367,"l":6196416,"M":true,"q":"275.00000000","s":"BLZBTC","a":4757818,"T":1594796370365,"e":"aggTrade","p":"0.00000679","f":6196416},{"m":true,"E":1594796371116,"l":6196417,"M":true,"q":"1036.00000000","s":"BLZBTC","a":4757819,"T":1594796371115,"e":"aggTrade","p":"0.00000678","f":6196417},{"m":true,"E":1594796371129,"l":6196418,"M":true,"q":"20.00000000","s":"BLZBTC","a":4757820,"T":1594796371128,"e":"aggTrade","p":"0.00000678","f":6196418},{"m":true,"E":1594796376454,"l":6196419,"M":true,"q":"1471.00000000","s":"BLZBTC","a":4757821,"T":1594796376452,"e":"aggTrade","p":"0.00000678","f":6196419},{"m":false,"E":1594796376559,"l":6196420,"M":true,"q":"16652.00000000","s":"BLZBTC","a":4757822,"T":1594796376558,"e":"aggTrade","p":"0.00000678","f":6196420},{"m":false,"E":1594796376559,"l":6196422,"M":true,"q":"2371.00000000","s":"BLZBTC","a":4757823,"T":1594796376558,"e":"aggTrade","p":"0.00000679","f":6196421},{"m":true,"E":1594796377157,"l":6196423,"M":true,"q":"1470.00000000","s":"BLZBTC","a":4757824,"T":1594796377156,"e":"aggTrade","p":"0.00000678","f":6196423},{"m":false,"E":1594796379590,"l":6196424,"M":true,"q":"63.00000000","s":"BLZBTC","a":4757825,"T":1594796379589,"e":"aggTrade","p":"0.00000679","f":6196424},{"m":true,"E":1594796380611,"l":6196425,"M":true,"q":"218.00000000","s":"BLZBTC","a":4757826,"T":1594796380610,"e":"aggTrade","p":"0.00000678","f":6196425}],[{"m":true,"E":1594798573685,"l":6198666,"M":true,"q":"1614.00000000","s":"BLZBTC","a":4759350,"T":1594798573684,"e":"aggTrade","p":"0.00000637","f":6198666},{"m":true,"E":1594798575957,"l":6198667,"M":true,"q":"1209.00000000","s":"BLZBTC","a":4759351,"T":1594798575955,"e":"aggTrade","p":"0.00000637","f":6198667},{"m":true,"E":1594798578923,"l":6198668,"M":true,"q":"3746.00000000","s":"BLZBTC","a":4759352,"T":1594798578922,"e":"aggTrade","p":"0.00000637","f":6198668},{"m":true,"E":1594798595303,"l":6198669,"M":true,"q":"2921.00000000","s":"BLZBTC","a":4759353,"T":1594798595302,"e":"aggTrade","p":"0.00000636","f":6198669},{"m":true,"E":1594798599609,"l":6198670,"M":true,"q":"3166.00000000","s":"BLZBTC","a":4759354,"T":1594798599608,"e":"aggTrade","p":"0.00000635","f":6198670},{"m":true,"E":1594798599609,"l":6198672,"M":true,"q":"22089.00000000","s":"BLZBTC","a":4759355,"T":1594798599608,"e":"aggTrade","p":"0.00000634","f":6198671},{"m":false,"E":1594798601384,"l":6198674,"M":true,"q":"14351.00000000","s":"BLZBTC","a":4759356,"T":1594798601382,"e":"aggTrade","p":"0.00000636","f":6198673},{"m":false,"E":1594798601787,"l":6198675,"M":true,"q":"3991.00000000","s":"BLZBTC","a":4759357,"T":1594798601786,"e":"aggTrade","p":"0.00000637","f":6198675},{"m":true,"E":1594798602116,"l":6198676,"M":true,"q":"153.00000000","s":"BLZBTC","a":4759358,"T":1594798602114,"e":"aggTrade","p":"0.00000636","f":6198676},{"m":true,"E":1594798602116,"l":6198678,"M":true,"q":"3805.00000000","s":"BLZBTC","a":4759359,"T":1594798602114,"e":"aggTrade","p":"0.00000635","f":6198677},{"m":true,"E":1594798602116,"l":6198685,"M":true,"q":"6905.00000000","s":"BLZBTC","a":4759360,"T":1594798602114,"e":"aggTrade","p":"0.00000634","f":6198679},{"m":false,"E":1594798602121,"l":6198686,"M":true,"q":"9137.00000000","s":"BLZBTC","a":4759361,"T":1594798602120,"e":"aggTrade","p":"0.00000634","f":6198686},{"m":true,"E":1594798606383,"l":6198687,"M":true,"q":"1052.00000000","s":"BLZBTC","a":4759362,"T":1594798606382,"e":"aggTrade","p":"0.00000635","f":6198687},{"m":true,"E":1594798606547,"l":6198688,"M":true,"q":"1533.00000000","s":"BLZBTC","a":4759363,"T":1594798606544,"e":"aggTrade","p":"0.00000635","f":6198688},{"m":true,"E":1594798606547,"l":6198690,"M":true,"q":"10990.00000000","s":"BLZBTC","a":4759364,"T":1594798606544,"e":"aggTrade","p":"0.00000634","f":6198689},{"m":true,"E":1594798606547,"l":6198693,"M":true,"q":"54200.00000000","s":"BLZBTC","a":4759365,"T":1594798606544,"e":"aggTrade","p":"0.00000633","f":6198691},{"m":true,"E":1594798610033,"l":6198694,"M":true,"q":"2339.00000000","s":"BLZBTC","a":4759366,"T":1594798610032,"e":"aggTrade","p":"0.00000633","f":6198694},{"m":true,"E":1594798610033,"l":6198699,"M":true,"q":"91749.00000000","s":"BLZBTC","a":4759367,"T":1594798610032,"e":"aggTrade","p":"0.00000632","f":6198695},{"m":false,"E":1594798610049,"l":6198700,"M":true,"q":"14488.00000000","s":"BLZBTC","a":4759368,"T":1594798610047,"e":"aggTrade","p":"0.00000632","f":6198700},{"m":false,"E":1594798610051,"l":6198702,"M":true,"q":"15208.00000000","s":"BLZBTC","a":4759369,"T":1594798610050,"e":"aggTrade","p":"0.00000632","f":6198701},{"m":false,"E":1594798610052,"l":6198704,"M":true,"q":"14248.00000000","s":"BLZBTC","a":4759370,"T":1594798610051,"e":"aggTrade","p":"0.00000632","f":6198703},{"m":false,"E":1594798610069,"l":6198706,"M":true,"q":"14046.00000000","s":"BLZBTC","a":4759371,"T":1594798610068,"e":"aggTrade","p":"0.00000632","f":6198705},{"m":true,"E":1594798610145,"l":6198708,"M":true,"q":"2577.00000000","s":"BLZBTC","a":4759372,"T":1594798610143,"e":"aggTrade","p":"0.00000632","f":6198707},{"m":true,"E":1594798610145,"l":6198710,"M":true,"q":"2437.00000000","s":"BLZBTC","a":4759373,"T":1594798610143,"e":"aggTrade","p":"0.00000631","f":6198709},{"m":false,"E":1594798610259,"l":6198711,"M":true,"q":"2833.00000000","s":"BLZBTC","a":4759374,"T":1594798610258,"e":"aggTrade","p":"0.00000631","f":6198711},{"m":false,"E":1594798610262,"l":6198713,"M":true,"q":"4487.00000000","s":"BLZBTC","a":4759375,"T":1594798610261,"e":"aggTrade","p":"0.00000631","f":6198712},{"m":false,"E":1594798610270,"l":6198715,"M":true,"q":"4273.00000000","s":"BLZBTC","a":4759376,"T":1594798610268,"e":"aggTrade","p":"0.00000631","f":6198714},{"m":false,"E":1594798610270,"l":6198717,"M":true,"q":"4202.00000000","s":"BLZBTC","a":4759377,"T":1594798610268,"e":"aggTrade","p":"0.00000631","f":6198716},{"m":true,"E":1594798610277,"l":6198725,"M":true,"q":"15000.00000000","s":"BLZBTC","a":4759378,"T":1594798610275,"e":"aggTrade","p":"0.00000630","f":6198718},{"m":false,"E":1594798610303,"l":6198727,"M":true,"q":"4062.00000000","s":"BLZBTC","a":4759379,"T":1594798610302,"e":"aggTrade","p":"0.00000631","f":6198726},{"m":false,"E":1594798610383,"l":6198728,"M":true,"q":"438.00000000","s":"BLZBTC","a":4759380,"T":1594798610381,"e":"aggTrade","p":"0.00000631","f":6198728},{"m":false,"E":1594798610434,"l":6198729,"M":true,"q":"1043.00000000","s":"BLZBTC","a":4759381,"T":1594798610433,"e":"aggTrade","p":"0.00000631","f":6198729},{"m":false,"E":1594798610653,"l":6198731,"M":true,"q":"1500.00000000","s":"BLZBTC","a":4759382,"T":1594798610652,"e":"aggTrade","p":"0.00000631","f":6198730},{"m":true,"E":1594798611158,"l":6198732,"M":true,"q":"394.00000000","s":"BLZBTC","a":4759383,"T":1594798611156,"e":"aggTrade","p":"0.00000630","f":6198732},{"m":false,"E":1594798611557,"l":6198733,"M":true,"q":"303.00000000","s":"BLZBTC","a":4759384,"T":1594798611556,"e":"aggTrade","p":"0.00000631","f":6198733},{"m":true,"E":1594798614049,"l":6198736,"M":true,"q":"406.00000000","s":"BLZBTC","a":4759385,"T":1594798614047,"e":"aggTrade","p":"0.00000630","f":6198734},{"m":false,"E":1594798614101,"l":6198737,"M":true,"q":"7671.00000000","s":"BLZBTC","a":4759386,"T":1594798614100,"e":"aggTrade","p":"0.00000630","f":6198737},{"m":false,"E":1594798614146,"l":6198738,"M":true,"q":"5675.00000000","s":"BLZBTC","a":4759387,"T":1594798614145,"e":"aggTrade","p":"0.00000630","f":6198738},{"m":false,"E":1594798614210,"l":6198739,"M":true,"q":"736.00000000","s":"BLZBTC","a":4759388,"T":1594798614209,"e":"aggTrade","p":"0.00000630","f":6198739},{"m":true,"E":1594798616330,"l":6198742,"M":true,"q":"7643.00000000","s":"BLZBTC","a":4759389,"T":1594798616329,"e":"aggTrade","p":"0.00000630","f":6198740},{"m":false,"E":1594798616350,"l":6198743,"M":true,"q":"6605.00000000","s":"BLZBTC","a":4759390,"T":1594798616349,"e":"aggTrade","p":"0.00000630","f":6198743},{"m":true,"E":1594798617415,"l":6198744,"M":true,"q":"2024.00000000","s":"BLZBTC","a":4759391,"T":1594798617414,"e":"aggTrade","p":"0.00000631","f":6198744},{"m":true,"E":1594798617906,"l":6198745,"M":true,"q":"21.00000000","s":"BLZBTC","a":4759392,"T":1594798617905,"e":"aggTrade","p":"0.00000629","f":6198745},{"m":false,"E":1594798619742,"l":6198746,"M":true,"q":"2831.00000000","s":"BLZBTC","a":4759393,"T":1594798619740,"e":"aggTrade","p":"0.00000630","f":6198746},{"m":false,"E":1594798619793,"l":6198747,"M":true,"q":"304.00000000","s":"BLZBTC","a":4759394,"T":1594798619792,"e":"aggTrade","p":"0.00000630","f":6198747},{"m":false,"E":1594798619850,"l":6198748,"M":true,"q":"3865.00000000","s":"BLZBTC","a":4759395,"T":1594798619849,"e":"aggTrade","p":"0.00000630","f":6198748},{"m":false,"E":1594798620052,"l":6198749,"M":true,"q":"2200.00000000","s":"BLZBTC","a":4759396,"T":1594798620051,"e":"aggTrade","p":"0.00000631","f":6198749},{"m":false,"E":1594798620271,"l":6198750,"M":true,"q":"17.00000000","s":"BLZBTC","a":4759397,"T":1594798620269,"e":"aggTrade","p":"0.00000631","f":6198750},{"m":false,"E":1594798620350,"l":6198751,"M":true,"q":"79.00000000","s":"BLZBTC","a":4759398,"T":1594798620349,"e":"aggTrade","p":"0.00000631","f":6198751},{"m":true,"E":1594798626439,"l":6198752,"M":true,"q":"334.00000000","s":"BLZBTC","a":4759399,"T":1594798626438,"e":"aggTrade","p":"0.00000630","f":6198752},{"m":true,"E":1594798627760,"l":6198755,"M":true,"q":"4552.00000000","s":"BLZBTC","a":4759400,"T":1594798627759,"e":"aggTrade","p":"0.00000630","f":6198753},{"m":true,"E":1594798629266,"l":6198756,"M":true,"q":"1712.00000000","s":"BLZBTC","a":4759401,"T":1594798629265,"e":"aggTrade","p":"0.00000631","f":6198756},{"m":false,"E":1594798629777,"l":6198757,"M":true,"q":"2601.00000000","s":"BLZBTC","a":4759402,"T":1594798629776,"e":"aggTrade","p":"0.00000631","f":6198757},{"m":true,"E":1594798632884,"l":6198760,"M":true,"q":"6221.00000000","s":"BLZBTC","a":4759403,"T":1594798632883,"e":"aggTrade","p":"0.00000630","f":6198758},{"m":false,"E":1594798632896,"l":6198761,"M":true,"q":"354.00000000","s":"BLZBTC","a":4759404,"T":1594798632895,"e":"aggTrade","p":"0.00000630","f":6198761},{"m":true,"E":1594798632917,"l":6198763,"M":true,"q":"729.00000000","s":"BLZBTC","a":4759405,"T":1594798632915,"e":"aggTrade","p":"0.00000629","f":6198762},{"m":true,"E":1594798639132,"l":6198765,"M":true,"q":"5989.00000000","s":"BLZBTC","a":4759406,"T":1594798639131,"e":"aggTrade","p":"0.00000631","f":6198764},{"m":true,"E":1594798641993,"l":6198767,"M":true,"q":"2868.00000000","s":"BLZBTC","a":4759407,"T":1594798641992,"e":"aggTrade","p":"0.00000631","f":6198766},{"m":false,"E":1594798642799,"l":6198768,"M":true,"q":"469.00000000","s":"BLZBTC","a":4759408,"T":1594798642798,"e":"aggTrade","p":"0.00000631","f":6198768},{"m":false,"E":1594798644026,"l":6198769,"M":true,"q":"469.00000000","s":"BLZBTC","a":4759409,"T":1594798644024,"e":"aggTrade","p":"0.00000631","f":6198769},{"m":false,"E":1594798645259,"l":6198770,"M":true,"q":"469.00000000","s":"BLZBTC","a":4759410,"T":1594798645258,"e":"aggTrade","p":"0.00000631","f":6198770},{"m":true,"E":1594798646719,"l":6198771,"M":true,"q":"794.00000000","s":"BLZBTC","a":4759411,"T":1594798646718,"e":"aggTrade","p":"0.00000630","f":6198771},{"m":false,"E":1594798657631,"l":6198772,"M":true,"q":"12480.00000000","s":"BLZBTC","a":4759412,"T":1594798657630,"e":"aggTrade","p":"0.00000631","f":6198772},{"m":false,"E":1594798657969,"l":6198773,"M":true,"q":"2746.00000000","s":"BLZBTC","a":4759413,"T":1594798657968,"e":"aggTrade","p":"0.00000631","f":6198773},{"m":true,"E":1594798659257,"l":6198775,"M":true,"q":"9416.00000000","s":"BLZBTC","a":4759414,"T":1594798659255,"e":"aggTrade","p":"0.00000631","f":6198774},{"m":false,"E":1594798659359,"l":6198776,"M":true,"q":"1274.00000000","s":"BLZBTC","a":4759415,"T":1594798659358,"e":"aggTrade","p":"0.00000631","f":6198776},{"m":false,"E":1594798660258,"l":6198777,"M":true,"q":"629.00000000","s":"BLZBTC","a":4759416,"T":1594798660258,"e":"aggTrade","p":"0.00000631","f":6198777},{"m":false,"E":1594798661047,"l":6198779,"M":true,"q":"2642.00000000","s":"BLZBTC","a":4759417,"T":1594798661046,"e":"aggTrade","p":"0.00000631","f":6198778},{"m":true,"E":1594798662669,"l":6198780,"M":true,"q":"64.00000000","s":"BLZBTC","a":4759418,"T":1594798662668,"e":"aggTrade","p":"0.00000630","f":6198780},{"m":false,"E":1594798663024,"l":6198781,"M":true,"q":"24.00000000","s":"BLZBTC","a":4759419,"T":1594798663022,"e":"aggTrade","p":"0.00000631","f":6198781},{"m":false,"E":1594798663024,"l":6198782,"M":true,"q":"133.00000000","s":"BLZBTC","a":4759420,"T":1594798663022,"e":"aggTrade","p":"0.00000632","f":6198782},{"m":true,"E":1594798666949,"l":6198783,"M":true,"q":"366.00000000","s":"BLZBTC","a":4759421,"T":1594798666948,"e":"aggTrade","p":"0.00000631","f":6198783},{"m":true,"E":1594798669188,"l":6198784,"M":true,"q":"1345.00000000","s":"BLZBTC","a":4759422,"T":1594798669186,"e":"aggTrade","p":"0.00000631","f":6198784},{"m":true,"E":1594798669188,"l":6198789,"M":true,"q":"8655.00000000","s":"BLZBTC","a":4759423,"T":1594798669186,"e":"aggTrade","p":"0.00000630","f":6198785},{"m":false,"E":1594798669884,"l":6198790,"M":true,"q":"2996.00000000","s":"BLZBTC","a":4759424,"T":1594798669882,"e":"aggTrade","p":"0.00000631","f":6198790},{"m":true,"E":1594798671738,"l":6198791,"M":true,"q":"21.00000000","s":"BLZBTC","a":4759425,"T":1594798671737,"e":"aggTrade","p":"0.00000630","f":6198791},{"m":true,"E":1594798673723,"l":6198792,"M":true,"q":"1356.00000000","s":"BLZBTC","a":4759426,"T":1594798673721,"e":"aggTrade","p":"0.00000631","f":6198792},{"m":true,"E":1594798673723,"l":6198796,"M":true,"q":"8613.00000000","s":"BLZBTC","a":4759427,"T":1594798673721,"e":"aggTrade","p":"0.00000630","f":6198793},{"m":true,"E":1594798678194,"l":6198797,"M":true,"q":"1246.00000000","s":"BLZBTC","a":4759428,"T":1594798678193,"e":"aggTrade","p":"0.00000631","f":6198797},{"m":true,"E":1594798678195,"l":6198799,"M":true,"q":"2756.00000000","s":"BLZBTC","a":4759429,"T":1594798678193,"e":"aggTrade","p":"0.00000630","f":6198798},{"m":true,"E":1594798678917,"l":6198801,"M":true,"q":"446.00000000","s":"BLZBTC","a":4759430,"T":1594798678915,"e":"aggTrade","p":"0.00000630","f":6198800}],[{"m":true,"E":1594798925470,"l":6198909,"M":true,"q":"5671.00000000","s":"BLZBTC","a":4759505,"T":1594798925468,"e":"aggTrade","p":"0.00000637","f":6198909},{"m":false,"E":1594798932642,"l":6198910,"M":true,"q":"17.00000000","s":"BLZBTC","a":4759506,"T":1594798932641,"e":"aggTrade","p":"0.00000638","f":6198910},{"m":false,"E":1594798932642,"l":6198911,"M":true,"q":"1255.00000000","s":"BLZBTC","a":4759507,"T":1594798932641,"e":"aggTrade","p":"0.00000640","f":6198911},{"m":false,"E":1594798934348,"l":6198918,"M":true,"q":"33933.00000000","s":"BLZBTC","a":4759508,"T":1594798934346,"e":"aggTrade","p":"0.00000640","f":6198912},{"m":true,"E":1594798937866,"l":6198919,"M":true,"q":"21.00000000","s":"BLZBTC","a":4759509,"T":1594798937865,"e":"aggTrade","p":"0.00000637","f":6198919},{"m":false,"E":1594798938477,"l":6198920,"M":true,"q":"17.00000000","s":"BLZBTC","a":4759510,"T":1594798938476,"e":"aggTrade","p":"0.00000640","f":6198920},{"m":false,"E":1594798939494,"l":6198922,"M":true,"q":"2126.00000000","s":"BLZBTC","a":4759511,"T":1594798939493,"e":"aggTrade","p":"0.00000641","f":6198921},{"m":false,"E":1594798940994,"l":6198926,"M":true,"q":"10203.00000000","s":"BLZBTC","a":4759512,"T":1594798940992,"e":"aggTrade","p":"0.00000642","f":6198923},{"m":false,"E":1594798940994,"l":6198929,"M":true,"q":"2868.00000000","s":"BLZBTC","a":4759513,"T":1594798940992,"e":"aggTrade","p":"0.00000643","f":6198927},{"m":false,"E":1594798940994,"l":6198934,"M":true,"q":"8730.00000000","s":"BLZBTC","a":4759514,"T":1594798940992,"e":"aggTrade","p":"0.00000644","f":6198930},{"m":true,"E":1594798940999,"l":6198935,"M":true,"q":"3031.00000000","s":"BLZBTC","a":4759515,"T":1594798940998,"e":"aggTrade","p":"0.00000644","f":6198935},{"m":true,"E":1594798941000,"l":6198936,"M":true,"q":"3031.00000000","s":"BLZBTC","a":4759516,"T":1594798940998,"e":"aggTrade","p":"0.00000644","f":6198936},{"m":true,"E":1594798941000,"l":6198937,"M":true,"q":"2442.00000000","s":"BLZBTC","a":4759517,"T":1594798940998,"e":"aggTrade","p":"0.00000644","f":6198937},{"m":false,"E":1594798946016,"l":6198938,"M":true,"q":"456.00000000","s":"BLZBTC","a":4759518,"T":1594798946014,"e":"aggTrade","p":"0.00000642","f":6198938},{"m":false,"E":1594798946016,"l":6198939,"M":true,"q":"17.00000000","s":"BLZBTC","a":4759519,"T":1594798946014,"e":"aggTrade","p":"0.00000643","f":6198939},{"m":false,"E":1594798946016,"l":6198942,"M":true,"q":"780.00000000","s":"BLZBTC","a":4759520,"T":1594798946014,"e":"aggTrade","p":"0.00000645","f":6198940},{"m":true,"E":1594798946903,"l":6198943,"M":true,"q":"5170.00000000","s":"BLZBTC","a":4759521,"T":1594798946901,"e":"aggTrade","p":"0.00000643","f":6198943},{"m":true,"E":1594798947418,"l":6198944,"M":true,"q":"3999.00000000","s":"BLZBTC","a":4759522,"T":1594798947417,"e":"aggTrade","p":"0.00000643","f":6198944},{"m":true,"E":1594798948768,"l":6198945,"M":true,"q":"8239.00000000","s":"BLZBTC","a":4759523,"T":1594798948767,"e":"aggTrade","p":"0.00000643","f":6198945},{"m":false,"E":1594798952656,"l":6198946,"M":true,"q":"1957.00000000","s":"BLZBTC","a":4759524,"T":1594798952655,"e":"aggTrade","p":"0.00000645","f":6198946},{"m":false,"E":1594798953872,"l":6198947,"M":true,"q":"13900.00000000","s":"BLZBTC","a":4759525,"T":1594798953870,"e":"aggTrade","p":"0.00000644","f":6198947},{"m":false,"E":1594798953872,"l":6198948,"M":true,"q":"48699.00000000","s":"BLZBTC","a":4759526,"T":1594798953870,"e":"aggTrade","p":"0.00000645","f":6198948},{"m":false,"E":1594798955062,"l":6198951,"M":true,"q":"11943.00000000","s":"BLZBTC","a":4759527,"T":1594798955060,"e":"aggTrade","p":"0.00000645","f":6198949},{"m":true,"E":1594798955068,"l":6198952,"M":true,"q":"35.00000000","s":"BLZBTC","a":4759528,"T":1594798955066,"e":"aggTrade","p":"0.00000645","f":6198952},{"m":true,"E":1594798955078,"l":6198953,"M":true,"q":"7163.00000000","s":"BLZBTC","a":4759529,"T":1594798955077,"e":"aggTrade","p":"0.00000645","f":6198953},{"m":true,"E":1594798955126,"l":6198954,"M":true,"q":"194.00000000","s":"BLZBTC","a":4759530,"T":1594798955125,"e":"aggTrade","p":"0.00000645","f":6198954},{"m":true,"E":1594798955235,"l":6198955,"M":true,"q":"81.00000000","s":"BLZBTC","a":4759531,"T":1594798955234,"e":"aggTrade","p":"0.00000645","f":6198955},{"m":true,"E":1594798955427,"l":6198956,"M":true,"q":"36415.00000000","s":"BLZBTC","a":4759532,"T":1594798955426,"e":"aggTrade","p":"0.00000645","f":6198956},{"m":true,"E":1594798955468,"l":6198957,"M":true,"q":"1295.00000000","s":"BLZBTC","a":4759533,"T":1594798955467,"e":"aggTrade","p":"0.00000645","f":6198957},{"m":false,"E":1594798956401,"l":6198961,"M":true,"q":"12511.00000000","s":"BLZBTC","a":4759534,"T":1594798956398,"e":"aggTrade","p":"0.00000646","f":6198958},{"m":false,"E":1594798956401,"l":6198966,"M":true,"q":"8316.00000000","s":"BLZBTC","a":4759535,"T":1594798956398,"e":"aggTrade","p":"0.00000647","f":6198962},{"m":false,"E":1594798959813,"l":6198967,"M":true,"q":"1261.00000000","s":"BLZBTC","a":4759536,"T":1594798959811,"e":"aggTrade","p":"0.00000647","f":6198967},{"m":false,"E":1594798959832,"l":6198969,"M":true,"q":"1874.00000000","s":"BLZBTC","a":4759537,"T":1594798959831,"e":"aggTrade","p":"0.00000647","f":6198968},{"m":false,"E":1594798960075,"l":6198973,"M":true,"q":"18878.00000000","s":"BLZBTC","a":4759538,"T":1594798960073,"e":"aggTrade","p":"0.00000648","f":6198970},{"m":false,"E":1594798960075,"l":6198977,"M":true,"q":"16699.00000000","s":"BLZBTC","a":4759539,"T":1594798960073,"e":"aggTrade","p":"0.00000649","f":6198974},{"m":true,"E":1594798960083,"l":6198978,"M":true,"q":"41.00000000","s":"BLZBTC","a":4759540,"T":1594798960081,"e":"aggTrade","p":"0.00000649","f":6198978},{"m":true,"E":1594798960134,"l":6198979,"M":true,"q":"180.00000000","s":"BLZBTC","a":4759541,"T":1594798960133,"e":"aggTrade","p":"0.00000649","f":6198979},{"m":true,"E":1594798960178,"l":6198980,"M":true,"q":"180.00000000","s":"BLZBTC","a":4759542,"T":1594798960176,"e":"aggTrade","p":"0.00000649","f":6198980},{"m":true,"E":1594798960269,"l":6198981,"M":true,"q":"285.00000000","s":"BLZBTC","a":4759543,"T":1594798960268,"e":"aggTrade","p":"0.00000649","f":6198981},{"m":true,"E":1594798960395,"l":6198982,"M":true,"q":"2126.00000000","s":"BLZBTC","a":4759544,"T":1594798960394,"e":"aggTrade","p":"0.00000649","f":6198982},{"m":false,"E":1594798960716,"l":6198987,"M":true,"q":"5895.00000000","s":"BLZBTC","a":4759545,"T":1594798960714,"e":"aggTrade","p":"0.00000650","f":6198983},{"m":true,"E":1594798960909,"l":6198988,"M":true,"q":"323.00000000","s":"BLZBTC","a":4759546,"T":1594798960908,"e":"aggTrade","p":"0.00000649","f":6198988},{"m":true,"E":1594798960909,"l":6198989,"M":true,"q":"551.00000000","s":"BLZBTC","a":4759547,"T":1594798960908,"e":"aggTrade","p":"0.00000647","f":6198989},{"m":false,"E":1594798962889,"l":6198991,"M":true,"q":"6495.00000000","s":"BLZBTC","a":4759548,"T":1594798962887,"e":"aggTrade","p":"0.00000650","f":6198990},{"m":false,"E":1594798962889,"l":6198995,"M":true,"q":"2325.00000000","s":"BLZBTC","a":4759549,"T":1594798962887,"e":"aggTrade","p":"0.00000651","f":6198992}